20030202 171036000,1.468600,1.468100,0
20030202 171150000,1.468800,1.468300,0
20030202 171202000,1.468900,1.468400,0
20030202 171214000,1.468800,1.468300,0
20030202 171258000,1.468900,1.468400,0
20030202 171321000,1.468800,1.468300,0
20030202 171422000,1.468900,1.468400,0
20030202 171818000,1.468800,1.468300,0
20030202 171943000,1.468900,1.468400,0
20030202 172212000,1.468800,1.468300,0
20030202 172220000,1.468800,1.468300,0
20030202 172252000,1.468700,1.468200,0
20030202 172252000,1.468800,1.468300,0
20030202 172319000,1.468700,1.468200,0
20030202 172320000,1.468800,1.468300,0
20030202 172320000,1.468900,1.468400,0
20030202 172352000,1.468800,1.468300,0
20030202 172352000,1.468700,1.468200,0
20030202 173157000,1.468800,1.468300,0
20030202 173400000,1.468900,1.468400,0
20030202 173430000,1.468800,1.468300,0
20030202 173441000,1.468900,1.468400,0
20030202 173446000,1.469000,1.468500,0
20030202 173606000,1.468900,1.468400,0
20030202 174815000,1.468800,1.468300,0
20030202 174821000,1.468900,1.468400,0
20030202 175409000,1.468800,1.468300,0
20030202 175412000,1.468900,1.468400,0
20030202 175820000,1.468800,1.468300,0
20030202 175829000,1.468900,1.468400,0
20030202 175850000,1.468800,1.468300,0
20030202 184910000,1.468700,1.468200,0
20030202 184912000,1.468800,1.468300,0
20030202 184932000,1.468700,1.468200,0
20030202 184955000,1.468600,1.468100,0
20030202 185144000,1.468700,1.468200,0
20030202 185145000,1.468600,1.468100,0
20030202 185147000,1.468800,1.468300,0
20030202 185219000,1.468700,1.468200,0
20030202 185221000,1.468800,1.468300,0
20030202 185417000,1.468700,1.468200,0
20030202 185435000,1.468800,1.468300,0
20030202 185438000,1.468700,1.468200,0
20030202 185555000,1.468800,1.468300,0
20030202 185556000,1.468700,1.468200,0
20030202 185730000,1.468800,1.468300,0
20030202 190016000,1.468800,1.468300,0
20030202 190023000,1.468700,1.468200,0
20030202 190029000,1.468800,1.468300,0
20030202 190031000,1.468700,1.468200,0
20030202 190035000,1.468800,1.468300,0
20030202 190054000,1.468700,1.468200,0
20030202 190106000,1.468800,1.468300,0
20030202 190524000,1.468900,1.468400,0
20030202 190527000,1.468700,1.468200,0
20030202 190532000,1.468900,1.468400,0
20030202 190814000,1.469000,1.468500,0
20030202 191238000,1.468900,1.468400,0
20030202 191404000,1.469100,1.468600,0
20030202 191414000,1.469200,1.468700,0
20030202 191622000,1.469300,1.468800,0
20030202 191642000,1.469100,1.468600,0
20030202 191724000,1.469000,1.468500,0
20030202 191749000,1.469100,1.468600,0
20030202 191810000,1.469000,1.468500,0
20030202 191814000,1.468900,1.468400,0
20030202 191816000,1.469000,1.468500,0
20030202 191817000,1.468900,1.468400,0
20030202 191828000,1.469100,1.468600,0
20030202 191828000,1.469200,1.468700,0
20030202 191953000,1.469100,1.468600,0
20030202 192018000,1.469000,1.468500,0
20030202 192021000,1.469100,1.468600,0
20030202 192021000,1.469000,1.468500,0
20030202 192024000,1.469100,1.468600,0
20030202 192138000,1.469200,1.468700,0
20030202 192143000,1.469100,1.468600,0
20030202 192150000,1.469200,1.468700,0
20030202 192151000,1.469100,1.468600,0
20030202 192213000,1.469200,1.468700,0
20030202 192218000,1.469100,1.468600,0
20030202 192249000,1.469200,1.468700,0
20030202 192250000,1.469100,1.468600,0
20030202 192252000,1.469200,1.468700,0
20030202 192323000,1.469100,1.468600,0
20030202 192533000,1.469200,1.468700,0
20030202 192534000,1.469100,1.468600,0
20030202 193143000,1.469000,1.468500,0
20030202 193231000,1.469200,1.468700,0
20030202 193559000,1.469100,1.468600,0
20030202 193818000,1.469000,1.468500,0
20030202 193818000,1.468900,1.468400,0
20030202 193819000,1.469000,1.468500,0
20030202 193820000,1.469100,1.468600,0
20030202 193836000,1.469000,1.468500,0
20030202 194004000,1.469200,1.468700,0
20030202 194110000,1.469000,1.468500,0
20030202 194128000,1.469100,1.468600,0
20030202 194150000,1.469200,1.468700,0
20030202 194210000,1.469100,1.468600,0
20030202 194240000,1.469000,1.468500,0
20030202 194240000,1.468900,1.468400,0
20030202 194241000,1.469000,1.468500,0
20030202 194241000,1.469100,1.468600,0
20030202 194257000,1.469000,1.468500,0
20030202 194300000,1.468900,1.468400,0
20030202 194303000,1.469100,1.468600,0
20030202 194452000,1.469000,1.468500,0
20030202 194453000,1.468900,1.468400,0
20030202 194456000,1.469000,1.468500,0
20030202 194456000,1.469100,1.468600,0
20030202 194519000,1.469000,1.468500,0
20030202 194522000,1.468900,1.468400,0
20030202 194532000,1.469000,1.468500,0
20030202 194532000,1.469100,1.468600,0
20030202 194835000,1.469000,1.468500,0
20030202 194937000,1.469100,1.468600,0
20030202 194947000,1.469200,1.468700,0
20030202 195259000,1.469100,1.468600,0
20030202 195313000,1.469000,1.468500,0
20030202 195314000,1.469100,1.468600,0
20030202 195346000,1.469200,1.468700,0
20030202 195351000,1.469100,1.468600,0
20030202 195422000,1.469000,1.468500,0
20030202 195423000,1.469100,1.468600,0
20030202 195432000,1.469000,1.468500,0
20030202 195855000,1.469100,1.468600,0
20030202 195858000,1.469200,1.468700,0
20030202 195909000,1.469100,1.468600,0
20030202 195923000,1.469000,1.468500,0
20030202 200020000,1.469100,1.468600,0
20030202 200021000,1.469000,1.468500,0
20030202 200024000,1.469100,1.468600,0
20030202 200026000,1.469000,1.468500,0
20030202 200028000,1.469100,1.468600,0
20030202 200036000,1.469000,1.468500,0
20030202 200134000,1.469200,1.468700,0
20030202 200136000,1.469000,1.468500,0
20030202 200142000,1.469100,1.468600,0
20030202 200144000,1.469000,1.468500,0
20030202 200145000,1.469200,1.468700,0
20030202 200145000,1.469000,1.468500,0
20030202 200417000,1.469100,1.468600,0
20030202 200423000,1.469000,1.468500,0
20030202 200429000,1.469100,1.468600,0
20030202 200432000,1.469000,1.468500,0
20030202 200440000,1.469100,1.468600,0
20030202 200453000,1.469000,1.468500,0
20030202 200453000,1.468900,1.468400,0
20030202 200504000,1.469000,1.468500,0
20030202 200537000,1.468900,1.468400,0
20030202 200538000,1.469000,1.468500,0
20030202 200556000,1.469100,1.468600,0
20030202 200605000,1.469000,1.468500,0
20030202 200605000,1.469100,1.468600,0
20030202 200607000,1.469000,1.468500,0
20030202 200637000,1.468900,1.468400,0
20030202 200638000,1.469000,1.468500,0
20030202 200700000,1.469100,1.468600,0
20030202 200754000,1.469000,1.468500,0
20030202 201023000,1.469100,1.468600,0
20030202 201023000,1.469200,1.468700,0
20030202 201025000,1.469300,1.468800,0
20030202 201136000,1.469400,1.468900,0
20030202 201548000,1.469300,1.468800,0
20030202 201548000,1.469400,1.468900,0
20030202 201553000,1.469300,1.468800,0
20030202 201555000,1.469400,1.468900,0
20030202 201639000,1.469100,1.468600,0
20030202 201701000,1.469200,1.468700,0
20030202 201701000,1.469300,1.468800,0
20030202 201703000,1.469400,1.468900,0
20030202 201705000,1.469300,1.468800,0
20030202 201708000,1.469400,1.468900,0
20030202 203343000,1.469300,1.468800,0
20030202 203616000,1.469400,1.468900,0
20030202 203651000,1.469300,1.468800,0
20030202 203751000,1.469400,1.468900,0
20030202 203932000,1.469500,1.469000,0
20030202 203938000,1.469400,1.468900,0
20030202 204121000,1.469300,1.468800,0
20030202 204123000,1.469400,1.468900,0
20030202 204136000,1.469500,1.469000,0
20030202 204149000,1.469400,1.468900,0
20030202 204151000,1.469500,1.469000,0
20030202 204157000,1.469400,1.468900,0
20030202 204158000,1.469500,1.469000,0
20030202 204210000,1.469400,1.468900,0
20030202 204225000,1.469500,1.469000,0
20030202 204229000,1.469400,1.468900,0
20030202 204229000,1.469500,1.469000,0
20030202 204251000,1.469500,1.469000,0
20030202 204305000,1.469500,1.469000,0
20030202 204306000,1.469400,1.468900,0
20030202 204307000,1.469500,1.469000,0
20030202 204311000,1.469600,1.469100,0
20030202 204320000,1.469500,1.469000,0
20030202 204330000,1.469400,1.468900,0
20030202 204338000,1.469500,1.469000,0
20030202 204349000,1.469600,1.469100,0
20030202 204404000,1.469500,1.469000,0
20030202 204515000,1.469400,1.468900,0
20030202 204515000,1.469500,1.469000,0
20030202 205051000,1.469400,1.468900,0
20030202 205119000,1.469300,1.468800,0
20030202 205524000,1.469000,1.468500,0
20030202 205526000,1.469100,1.468600,0
20030202 205529000,1.469200,1.468700,0
20030202 205532000,1.469300,1.468800,0
20030202 210408000,1.469300,1.468800,0
20030202 210421000,1.469200,1.468700,0
20030202 210454000,1.469300,1.468800,0
20030202 210622000,1.469200,1.468700,0
20030202 210624000,1.469300,1.468800,0
20030202 210804000,1.469200,1.468700,0
20030202 210805000,1.469300,1.468800,0
20030202 211031000,1.469400,1.468900,0
20030202 211154000,1.469300,1.468800,0
20030202 211201000,1.469400,1.468900,0
20030202 211211000,1.469300,1.468800,0
20030202 211232000,1.469400,1.468900,0
20030202 211603000,1.469300,1.468800,0
20030202 211613000,1.469400,1.468900,0
20030202 212053000,1.469500,1.469000,0
20030202 212404000,1.469700,1.469200,0
20030202 212418000,1.469600,1.469100,0
20030202 212439000,1.469700,1.469200,0
20030202 212542000,1.469600,1.469100,0
20030202 212556000,1.469700,1.469200,0
20030202 212559000,1.469600,1.469100,0
20030202 213358000,1.469400,1.468900,0
20030202 213415000,1.469300,1.468800,0
20030202 213416000,1.469200,1.468700,0
20030202 213417000,1.469300,1.468800,0
20030202 213418000,1.469200,1.468700,0
20030202 213423000,1.469300,1.468800,0
20030202 213427000,1.469200,1.468700,0
20030202 213445000,1.469200,1.468700,0
20030202 213519000,1.469400,1.468900,0
20030202 213531000,1.469200,1.468700,0
20030202 213551000,1.469400,1.468900,0
20030202 213554000,1.469200,1.468700,0
20030202 213623000,1.469300,1.468800,0
20030202 213637000,1.469100,1.468600,0
20030202 213638000,1.469200,1.468700,0
20030202 213641000,1.469100,1.468600,0
20030202 213645000,1.469200,1.468700,0
20030202 213936000,1.469300,1.468800,0
20030202 213948000,1.469200,1.468700,0
20030202 213959000,1.469300,1.468800,0
20030202 214017000,1.469400,1.468900,0
20030202 214025000,1.469300,1.468800,0
20030202 214103000,1.469400,1.468900,0
20030202 214104000,1.469300,1.468800,0
20030202 214105000,1.469400,1.468900,0
20030202 214132000,1.469400,1.468900,0
20030202 214132000,1.469300,1.468800,0
20030202 214132000,1.469400,1.468900,0
20030202 214140000,1.469300,1.468800,0
20030202 214145000,1.469400,1.468900,0
20030202 214200000,1.469500,1.469000,0
20030202 214202000,1.469400,1.468900,0
20030202 214203000,1.469300,1.468800,0
20030202 214204000,1.469400,1.468900,0
20030202 214206000,1.469500,1.469000,0
20030202 214207000,1.469400,1.468900,0
20030202 214221000,1.469500,1.469000,0
20030202 214221000,1.469400,1.468900,0
20030202 214225000,1.469500,1.469000,0
20030202 214239000,1.469400,1.468900,0
20030202 214242000,1.469500,1.469000,0
20030202 214249000,1.469400,1.468900,0
20030202 214305000,1.469500,1.469000,0
20030202 214306000,1.469400,1.468900,0
20030202 214306000,1.469500,1.469000,0
20030202 214316000,1.469400,1.468900,0
20030202 214316000,1.469500,1.469000,0
20030202 214357000,1.469400,1.468900,0
20030202 214359000,1.469300,1.468800,0
20030202 214400000,1.469400,1.468900,0
20030202 214409000,1.469300,1.468800,0
20030202 214410000,1.469200,1.468700,0
20030202 214411000,1.469100,1.468600,0
20030202 214411000,1.469200,1.468700,0
20030202 214412000,1.469100,1.468600,0
20030202 214413000,1.469200,1.468700,0
20030202 214429000,1.469100,1.468600,0
20030202 214430000,1.469200,1.468700,0
20030202 214430000,1.469100,1.468600,0
20030202 214434000,1.469000,1.468500,0
20030202 214439000,1.469000,1.468500,0
20030202 214440000,1.469100,1.468600,0
20030202 214447000,1.469200,1.468700,0
20030202 214449000,1.469300,1.468800,0
20030202 214452000,1.469400,1.468900,0
20030202 214453000,1.469300,1.468800,0
20030202 214459000,1.469400,1.468900,0
20030202 214500000,1.469300,1.468800,0
20030202 214501000,1.469200,1.468700,0
20030202 214504000,1.469300,1.468800,0
20030202 214506000,1.469200,1.468700,0
20030202 214524000,1.469300,1.468800,0
20030202 214525000,1.469400,1.468900,0
20030202 214525000,1.469500,1.469000,0
20030202 214530000,1.469400,1.468900,0
20030202 214536000,1.469300,1.468800,0
20030202 214536000,1.469400,1.468900,0
20030202 214540000,1.469200,1.468700,0
20030202 214554000,1.469100,1.468600,0
20030202 214556000,1.469200,1.468700,0
20030202 214557000,1.469100,1.468600,0
20030202 214705000,1.469000,1.468500,0
20030202 214707000,1.469100,1.468600,0
20030202 214714000,1.469000,1.468500,0
20030202 214720000,1.469100,1.468600,0
20030202 214909000,1.469100,1.468600,0
20030202 215040000,1.469200,1.468700,0
20030202 215105000,1.469100,1.468600,0
20030202 215123000,1.469000,1.468500,0
20030202 215124000,1.469100,1.468600,0
20030202 215218000,1.469000,1.468500,0
20030202 215239000,1.469000,1.468500,0
20030202 215241000,1.468900,1.468400,0
20030202 215339000,1.469000,1.468500,0
20030202 215340000,1.468900,1.468400,0
20030202 215342000,1.469000,1.468500,0
20030202 215456000,1.469300,1.468800,0
20030202 215522000,1.469200,1.468700,0
20030202 215522000,1.469300,1.468800,0
20030202 215536000,1.469000,1.468500,0
20030202 215657000,1.469000,1.468500,0
20030202 215707000,1.469000,1.468500,0
20030202 215713000,1.469000,1.468500,0
20030202 215801000,1.468900,1.468400,0
20030202 215957000,1.469000,1.468500,0
20030202 220023000,1.469000,1.468500,0
20030202 220025000,1.469000,1.468500,0
20030202 220028000,1.469000,1.468500,0
20030202 220046000,1.469100,1.468600,0
20030202 220129000,1.469300,1.468800,0
20030202 220131000,1.469200,1.468700,0
20030202 220134000,1.469300,1.468800,0
20030202 220158000,1.469200,1.468700,0
20030202 220159000,1.469100,1.468600,0
20030202 220303000,1.469000,1.468500,0
20030202 220304000,1.468900,1.468400,0
20030202 220655000,1.468800,1.468300,0
20030202 220730000,1.468900,1.468400,0
20030202 220752000,1.468800,1.468300,0
20030202 221220000,1.468900,1.468400,0
20030202 221226000,1.469000,1.468500,0
20030202 221245000,1.468900,1.468400,0
20030202 221310000,1.469000,1.468500,0
20030202 221329000,1.469100,1.468600,0
20030202 221339000,1.469200,1.468700,0
20030202 221339000,1.469300,1.468800,0
20030202 221341000,1.469200,1.468700,0
20030202 221428000,1.469100,1.468600,0
20030202 221432000,1.469000,1.468500,0
20030202 221446000,1.468900,1.468400,0
20030202 221457000,1.468800,1.468300,0
20030202 221458000,1.468900,1.468400,0
20030202 221504000,1.468800,1.468300,0
20030202 221511000,1.468900,1.468400,0
20030202 221511000,1.469000,1.468500,0
20030202 221512000,1.468900,1.468400,0
20030202 221514000,1.469000,1.468500,0
20030202 221515000,1.468900,1.468400,0
20030202 221517000,1.468800,1.468300,0
20030202 221523000,1.468900,1.468400,0
20030202 221534000,1.469000,1.468500,0
20030202 221536000,1.468900,1.468400,0
20030202 221538000,1.468800,1.468300,0
20030202 221541000,1.468900,1.468400,0
20030202 221546000,1.468800,1.468300,0
20030202 221550000,1.468900,1.468400,0
20030202 222318000,1.469000,1.468500,0
20030202 222322000,1.469100,1.468600,0
20030202 222427000,1.469000,1.468500,0
20030202 222434000,1.469100,1.468600,0
20030202 222511000,1.469000,1.468500,0
20030202 222535000,1.468900,1.468400,0
20030202 222538000,1.469000,1.468500,0
20030202 222540000,1.468900,1.468400,0
20030202 222543000,1.469000,1.468500,0
20030202 222545000,1.468900,1.468400,0
20030202 222550000,1.469000,1.468500,0
20030202 222552000,1.468900,1.468400,0
20030202 222555000,1.469000,1.468500,0
20030202 222557000,1.468900,1.468400,0
20030202 222606000,1.468800,1.468300,0
20030202 222607000,1.468900,1.468400,0
20030202 222608000,1.469000,1.468500,0
20030202 222613000,1.468900,1.468400,0
20030202 222615000,1.468800,1.468300,0
20030202 222620000,1.468900,1.468400,0
20030202 222620000,1.469000,1.468500,0
20030202 222622000,1.468900,1.468400,0
20030202 222622000,1.468800,1.468300,0
20030202 222630000,1.468900,1.468400,0
20030202 222632000,1.469000,1.468500,0
20030202 222653000,1.468900,1.468400,0
20030202 222705000,1.469000,1.468500,0
20030202 222712000,1.468900,1.468400,0
20030202 222712000,1.468800,1.468300,0
20030202 222718000,1.468900,1.468400,0
20030202 223004000,1.469000,1.468500,0
20030202 223010000,1.469100,1.468600,0
20030202 223010000,1.469200,1.468700,0
20030202 223103000,1.469100,1.468600,0
20030202 223137000,1.469000,1.468500,0
20030202 223139000,1.469100,1.468600,0
20030202 223139000,1.469000,1.468500,0
20030202 223143000,1.469100,1.468600,0
20030202 223144000,1.469000,1.468500,0
20030202 223149000,1.468900,1.468400,0
20030202 223150000,1.469000,1.468500,0
20030202 223151000,1.468900,1.468400,0
20030202 223202000,1.468800,1.468300,0
20030202 223202000,1.468900,1.468400,0
20030202 223210000,1.468800,1.468300,0
20030202 223211000,1.468900,1.468400,0
20030202 223211000,1.469000,1.468500,0
20030202 223216000,1.468900,1.468400,0
20030202 223220000,1.469000,1.468500,0
20030202 223239000,1.469100,1.468600,0
20030202 223240000,1.469000,1.468500,0
20030202 223401000,1.468900,1.468400,0
20030202 223433000,1.469000,1.468500,0
20030202 223433000,1.469100,1.468600,0
20030202 223434000,1.469000,1.468500,0
20030202 223452000,1.468900,1.468400,0
20030202 223510000,1.469000,1.468500,0
20030202 223516000,1.468900,1.468400,0
20030202 223654000,1.468800,1.468300,0
20030202 224150000,1.468900,1.468400,0
20030202 224230000,1.468800,1.468300,0
20030202 224315000,1.468900,1.468400,0
20030202 224648000,1.468800,1.468300,0
20030202 224659000,1.468900,1.468400,0
20030202 224705000,1.468800,1.468300,0
20030202 224823000,1.468900,1.468400,0
20030202 224838000,1.468800,1.468300,0
20030202 225147000,1.468700,1.468200,0
20030202 225148000,1.468800,1.468300,0
20030202 225155000,1.468700,1.468200,0
20030202 225156000,1.468800,1.468300,0
20030202 225159000,1.468900,1.468400,0
20030202 225202000,1.469000,1.468500,0
20030202 225210000,1.469200,1.468700,0
20030202 225211000,1.469100,1.468600,0
20030202 225211000,1.469000,1.468500,0
20030202 225212000,1.469100,1.468600,0
20030202 225213000,1.469200,1.468700,0
20030202 225216000,1.469100,1.468600,0
20030202 225217000,1.469000,1.468500,0
20030202 225222000,1.469100,1.468600,0
20030202 225223000,1.469000,1.468500,0
20030202 225232000,1.469100,1.468600,0
20030202 225232000,1.469200,1.468700,0
20030202 225232000,1.469300,1.468800,0
20030202 225234000,1.469200,1.468700,0
20030202 225234000,1.469100,1.468600,0
20030202 225323000,1.469000,1.468500,0
20030202 225323000,1.468800,1.468300,0
20030202 225408000,1.468900,1.468400,0
20030202 225410000,1.469000,1.468500,0
20030202 225444000,1.469100,1.468600,0
20030202 225447000,1.469000,1.468500,0
20030202 225502000,1.469100,1.468600,0
20030202 225504000,1.469000,1.468500,0
20030202 225516000,1.469100,1.468600,0
20030202 225518000,1.469000,1.468500,0
20030202 225540000,1.468900,1.468400,0
20030202 225548000,1.469000,1.468500,0
20030202 225549000,1.469100,1.468600,0
20030202 225549000,1.469200,1.468700,0
20030202 225552000,1.469300,1.468800,0
20030202 225658000,1.469200,1.468700,0
20030202 225723000,1.469100,1.468600,0
20030202 225821000,1.469000,1.468500,0
20030202 225840000,1.468900,1.468400,0
20030202 230044000,1.468800,1.468300,0
20030202 230046000,1.468900,1.468400,0
20030202 230426000,1.468800,1.468300,0
20030202 230442000,1.468900,1.468400,0
20030202 230445000,1.468800,1.468300,0
20030202 230445000,1.468700,1.468200,0
20030202 230952000,1.468800,1.468300,0
20030202 232204000,1.468700,1.468200,0
20030202 234134000,1.468800,1.468300,0
20030202 234144000,1.468700,1.468200,0
20030202 234345000,1.468800,1.468300,0
20030202 235742000,1.468700,1.468200,0
20030203 001437000,1.468600,1.468100,0
20030203 001522000,1.468700,1.468200,0
20030203 001523000,1.468600,1.468100,0
20030203 001524000,1.468700,1.468200,0
20030203 001524000,1.468800,1.468300,0
20030203 001616000,1.468700,1.468200,0
20030203 001632000,1.468800,1.468300,0
20030203 001739000,1.468700,1.468200,0
20030203 001849000,1.468800,1.468300,0
20030203 001859000,1.468900,1.468400,0
20030203 001909000,1.469000,1.468500,0
20030203 003409000,1.468900,1.468400,0
20030203 003522000,1.469000,1.468500,0
20030203 003748000,1.468900,1.468400,0
20030203 003918000,1.468800,1.468300,0
20030203 003918000,1.468900,1.468400,0
20030203 003932000,1.468800,1.468300,0
20030203 004139000,1.468900,1.468400,0
20030203 004511000,1.468800,1.468300,0
20030203 004530000,1.468900,1.468400,0
20030203 004532000,1.468800,1.468300,0
20030203 004957000,1.468900,1.468400,0
20030203 005000000,1.468800,1.468300,0
20030203 011114000,1.468700,1.468200,0
20030203 011130000,1.468800,1.468300,0
20030203 011156000,1.468700,1.468200,0
20030203 011210000,1.468600,1.468100,0
20030203 011211000,1.468700,1.468200,0
20030203 011221000,1.468800,1.468300,0
20030203 011317000,1.468700,1.468200,0
20030203 011318000,1.468800,1.468300,0
20030203 011440000,1.468700,1.468200,0
20030203 011440000,1.468800,1.468300,0
20030203 011440000,1.468700,1.468200,0
20030203 011454000,1.468800,1.468300,0
20030203 013259000,1.468700,1.468200,0
20030203 013305000,1.468600,1.468100,0
20030203 013315000,1.468500,1.468000,0
20030203 013340000,1.468600,1.468100,0
20030203 013341000,1.468500,1.468000,0
20030203 013405000,1.468600,1.468100,0
20030203 013407000,1.468700,1.468200,0
20030203 013407000,1.468800,1.468300,0
20030203 013418000,1.468900,1.468400,0
20030203 013422000,1.468800,1.468300,0
20030203 013448000,1.468700,1.468200,0
20030203 013520000,1.468600,1.468100,0
20030203 013521000,1.468700,1.468200,0
20030203 013544000,1.468800,1.468300,0
20030203 013609000,1.468900,1.468400,0
20030203 013618000,1.469000,1.468500,0
20030203 013623000,1.468900,1.468400,0
20030203 013627000,1.469000,1.468500,0
20030203 013629000,1.468900,1.468400,0
20030203 013633000,1.469000,1.468500,0
20030203 013636000,1.468900,1.468400,0
20030203 013636000,1.468800,1.468300,0
20030203 013700000,1.468700,1.468200,0
20030203 013710000,1.468800,1.468300,0
20030203 013734000,1.468700,1.468200,0
20030203 013735000,1.468800,1.468300,0
20030203 013747000,1.468700,1.468200,0
20030203 013749000,1.468800,1.468300,0
20030203 013757000,1.468900,1.468400,0
20030203 013807000,1.468800,1.468300,0
20030203 013811000,1.468700,1.468200,0
20030203 013814000,1.468800,1.468300,0
20030203 013852000,1.468700,1.468200,0
20030203 013855000,1.468600,1.468100,0
20030203 013901000,1.468700,1.468200,0
20030203 013903000,1.468800,1.468300,0
20030203 013903000,1.468700,1.468200,0
20030203 013916000,1.468600,1.468100,0
20030203 013947000,1.468700,1.468200,0
20030203 013956000,1.468800,1.468300,0
20030203 014027000,1.468700,1.468200,0
20030203 014028000,1.468800,1.468300,0
20030203 014038000,1.468700,1.468200,0
20030203 014040000,1.468800,1.468300,0
20030203 014042000,1.468800,1.468300,0
20030203 014047000,1.468700,1.468200,0
20030203 014051000,1.468800,1.468300,0
20030203 014059000,1.468700,1.468200,0
20030203 014115000,1.468600,1.468100,0
20030203 014116000,1.468700,1.468200,0
20030203 014117000,1.468800,1.468300,0
20030203 014119000,1.468700,1.468200,0
20030203 014122000,1.468800,1.468300,0
20030203 014128000,1.468700,1.468200,0
20030203 014148000,1.468600,1.468100,0
20030203 014158000,1.468700,1.468200,0
20030203 014159000,1.468600,1.468100,0
20030203 014208000,1.468800,1.468300,0
20030203 014228000,1.468600,1.468100,0
20030203 014249000,1.468700,1.468200,0
20030203 014254000,1.468600,1.468100,0
20030203 014257000,1.468400,1.467900,0
20030203 014325000,1.468300,1.467800,0
20030203 014326000,1.468400,1.467900,0
20030203 014326000,1.468300,1.467800,0
20030203 014327000,1.468200,1.467700,0
20030203 014328000,1.468300,1.467800,0
20030203 014328000,1.468500,1.468000,0
20030203 014329000,1.468400,1.467900,0
20030203 014329000,1.468200,1.467700,0
20030203 014329000,1.468400,1.467900,0
20030203 014330000,1.468300,1.467800,0
20030203 014333000,1.468200,1.467700,0
20030203 014334000,1.468100,1.467600,0
20030203 014347000,1.468200,1.467700,0
20030203 014348000,1.468000,1.467500,0
20030203 014352000,1.467900,1.467400,0
20030203 014425000,1.468100,1.467600,0
20030203 014427000,1.467900,1.467400,0
20030203 014436000,1.468000,1.467500,0
20030203 014444000,1.468100,1.467600,0
20030203 014447000,1.468000,1.467500,0
20030203 014501000,1.467800,1.467300,0
20030203 014505000,1.467900,1.467400,0
20030203 014505000,1.467800,1.467300,0
20030203 014507000,1.467900,1.467400,0
20030203 014507000,1.468000,1.467500,0
20030203 014543000,1.467800,1.467300,0
20030203 014544000,1.467900,1.467400,0
20030203 014545000,1.467700,1.467200,0
20030203 014550000,1.467600,1.467100,0
20030203 014625000,1.467700,1.467200,0
20030203 014719000,1.467800,1.467300,0
20030203 014720000,1.467700,1.467200,0
20030203 014721000,1.467800,1.467300,0
20030203 014723000,1.467700,1.467200,0
20030203 014728000,1.467800,1.467300,0
20030203 014835000,1.467900,1.467400,0
20030203 014846000,1.468000,1.467500,0
20030203 014921000,1.468100,1.467600,0
20030203 014949000,1.468200,1.467700,0
20030203 014951000,1.468300,1.467800,0
20030203 015021000,1.468200,1.467700,0
20030203 015023000,1.468300,1.467800,0
20030203 015048000,1.468200,1.467700,0
20030203 015059000,1.468300,1.467800,0
20030203 015100000,1.468200,1.467700,0
20030203 015123000,1.468100,1.467600,0
20030203 015125000,1.468200,1.467700,0
20030203 015151000,1.468100,1.467600,0
20030203 015203000,1.468200,1.467700,0
20030203 015211000,1.468300,1.467800,0
20030203 015212000,1.468200,1.467700,0
20030203 015214000,1.468300,1.467800,0
20030203 015326000,1.468400,1.467900,0
20030203 015326000,1.468500,1.468000,0
20030203 015411000,1.468600,1.468100,0
20030203 015429000,1.468500,1.468000,0
20030203 015430000,1.468600,1.468100,0
20030203 015502000,1.468500,1.468000,0
20030203 015505000,1.468600,1.468100,0
20030203 015519000,1.468500,1.468000,0
20030203 015720000,1.468600,1.468100,0
20030203 015723000,1.468500,1.468000,0
20030203 015758000,1.468400,1.467900,0
20030203 015800000,1.468500,1.468000,0
20030203 015803000,1.468400,1.467900,0
20030203 015804000,1.468500,1.468000,0
20030203 015805000,1.468400,1.467900,0
20030203 015807000,1.468500,1.468000,0
20030203 015808000,1.468600,1.468100,0
20030203 015911000,1.468500,1.468000,0
20030203 015930000,1.468600,1.468100,0
20030203 015936000,1.468500,1.468000,0
20030203 020129000,1.468400,1.467900,0
20030203 020134000,1.468500,1.468000,0
20030203 020139000,1.468600,1.468100,0
20030203 020145000,1.468500,1.468000,0
20030203 020223000,1.468400,1.467900,0
20030203 020225000,1.468500,1.468000,0
20030203 020227000,1.468400,1.467900,0
20030203 020230000,1.468500,1.468000,0
20030203 020401000,1.468400,1.467900,0
20030203 020403000,1.468500,1.468000,0
20030203 020415000,1.468400,1.467900,0
20030203 020426000,1.468500,1.468000,0
20030203 020448000,1.468600,1.468100,0
20030203 020532000,1.468500,1.468000,0
20030203 020609000,1.468400,1.467900,0
20030203 020609000,1.468500,1.468000,0
20030203 020619000,1.468400,1.467900,0
20030203 020623000,1.468500,1.468000,0
20030203 020624000,1.468400,1.467900,0
20030203 020629000,1.468500,1.468000,0
20030203 020810000,1.468600,1.468100,0
20030203 020840000,1.468500,1.468000,0
20030203 020922000,1.468600,1.468100,0
20030203 020939000,1.468500,1.468000,0
20030203 020942000,1.468600,1.468100,0
20030203 020951000,1.468500,1.468000,0
20030203 021014000,1.468600,1.468100,0
20030203 021216000,1.468700,1.468200,0
20030203 021218000,1.468600,1.468100,0
20030203 021249000,1.468700,1.468200,0
20030203 021250000,1.468800,1.468300,0
20030203 021258000,1.468700,1.468200,0
20030203 021301000,1.468600,1.468100,0
20030203 021314000,1.468700,1.468200,0
20030203 021314000,1.468600,1.468100,0
20030203 021328000,1.468700,1.468200,0
20030203 021405000,1.468600,1.468100,0
20030203 021416000,1.468700,1.468200,0
20030203 021417000,1.468600,1.468100,0
20030203 021518000,1.468500,1.468000,0
20030203 021524000,1.468600,1.468100,0
20030203 021646000,1.468700,1.468200,0
20030203 021650000,1.468600,1.468100,0
20030203 021651000,1.468700,1.468200,0
20030203 021652000,1.468600,1.468100,0
20030203 021727000,1.468800,1.468300,0
20030203 021728000,1.468700,1.468200,0
20030203 021733000,1.468600,1.468100,0
20030203 021739000,1.468500,1.468000,0
20030203 021747000,1.468600,1.468100,0
20030203 021800000,1.468500,1.468000,0
20030203 021843000,1.468600,1.468100,0
20030203 021853000,1.468500,1.468000,0
20030203 021854000,1.468600,1.468100,0
20030203 021855000,1.468500,1.468000,0
20030203 021857000,1.468600,1.468100,0
20030203 021900000,1.468500,1.468000,0
20030203 021907000,1.468600,1.468100,0
20030203 022156000,1.468500,1.468000,0
20030203 022303000,1.468600,1.468100,0
20030203 022404000,1.468500,1.468000,0
20030203 022420000,1.468600,1.468100,0
20030203 022615000,1.468500,1.468000,0
20030203 022615000,1.468600,1.468100,0
20030203 022620000,1.468500,1.468000,0
20030203 022638000,1.468600,1.468100,0
20030203 022649000,1.468500,1.468000,0
20030203 022659000,1.468400,1.467900,0
20030203 022701000,1.468500,1.468000,0
20030203 022706000,1.468600,1.468100,0
20030203 022840000,1.468700,1.468200,0
20030203 022915000,1.468700,1.468200,0
20030203 022917000,1.468800,1.468300,0
20030203 022918000,1.468700,1.468200,0
20030203 022920000,1.468600,1.468100,0
20030203 022929000,1.468700,1.468200,0
20030203 022941000,1.468600,1.468100,0
20030203 022944000,1.468700,1.468200,0
20030203 022953000,1.468600,1.468100,0
20030203 023006000,1.468700,1.468200,0
20030203 023010000,1.468600,1.468100,0
20030203 023014000,1.468700,1.468200,0
20030203 023014000,1.468600,1.468100,0
20030203 023016000,1.468700,1.468200,0
20030203 023017000,1.468800,1.468300,0
20030203 023018000,1.468700,1.468200,0
20030203 023026000,1.468600,1.468100,0
20030203 023026000,1.468700,1.468200,0
20030203 023039000,1.468600,1.468100,0
20030203 023138000,1.468700,1.468200,0
20030203 023139000,1.468600,1.468100,0
20030203 023315000,1.468500,1.468000,0
20030203 023518000,1.468600,1.468100,0
20030203 023520000,1.468500,1.468000,0
20030203 023702000,1.468600,1.468100,0
20030203 023705000,1.468500,1.468000,0
20030203 023710000,1.468600,1.468100,0
20030203 023758000,1.468700,1.468200,0
20030203 023801000,1.468600,1.468100,0
20030203 023806000,1.468700,1.468200,0
20030203 023809000,1.468600,1.468100,0
20030203 023830000,1.468700,1.468200,0
20030203 023847000,1.468600,1.468100,0
20030203 023847000,1.468700,1.468200,0
20030203 023852000,1.468600,1.468100,0
20030203 023911000,1.468700,1.468200,0
20030203 023914000,1.468600,1.468100,0
20030203 023922000,1.468800,1.468300,0
20030203 023923000,1.468700,1.468200,0
20030203 024020000,1.468800,1.468300,0
20030203 024022000,1.468700,1.468200,0
20030203 024028000,1.468600,1.468100,0
20030203 024032000,1.468700,1.468200,0
20030203 024207000,1.468600,1.468100,0
20030203 024207000,1.468700,1.468200,0
20030203 024221000,1.468600,1.468100,0
20030203 024234000,1.468700,1.468200,0
20030203 024242000,1.468600,1.468100,0
20030203 024609000,1.468700,1.468200,0
20030203 024610000,1.468800,1.468300,0
20030203 024610000,1.468700,1.468200,0
20030203 024613000,1.468800,1.468300,0
20030203 024629000,1.468900,1.468400,0
20030203 024634000,1.468800,1.468300,0
20030203 024638000,1.468900,1.468400,0
20030203 024727000,1.468800,1.468300,0
20030203 024728000,1.468900,1.468400,0
20030203 024759000,1.468800,1.468300,0
20030203 024806000,1.468700,1.468200,0
20030203 024808000,1.468800,1.468300,0
20030203 024811000,1.468900,1.468400,0
20030203 024815000,1.468800,1.468300,0
20030203 024816000,1.468900,1.468400,0
20030203 024831000,1.468800,1.468300,0
20030203 024834000,1.468900,1.468400,0
20030203 024836000,1.468700,1.468200,0
20030203 024836000,1.468800,1.468300,0
20030203 024841000,1.468700,1.468200,0
20030203 024842000,1.468800,1.468300,0
20030203 024849000,1.468900,1.468400,0
20030203 024851000,1.468800,1.468300,0
20030203 024947000,1.468900,1.468400,0
20030203 025312000,1.468800,1.468300,0
20030203 025315000,1.468900,1.468400,0
20030203 025324000,1.468800,1.468300,0
20030203 025324000,1.468900,1.468400,0
20030203 025327000,1.469000,1.468500,0
20030203 025329000,1.468900,1.468400,0
20030203 025329000,1.469000,1.468500,0
20030203 025342000,1.469100,1.468600,0
20030203 025348000,1.469100,1.468600,0
20030203 025352000,1.469100,1.468600,0
20030203 025403000,1.469300,1.468800,0
20030203 025404000,1.469200,1.468700,0
20030203 025406000,1.469300,1.468800,0
20030203 025407000,1.469200,1.468700,0
20030203 025410000,1.469300,1.468800,0
20030203 025413000,1.469200,1.468700,0
20030203 025419000,1.469300,1.468800,0
20030203 025420000,1.469200,1.468700,0
20030203 025421000,1.469300,1.468800,0
20030203 025422000,1.469200,1.468700,0
20030203 025430000,1.469300,1.468800,0
20030203 025431000,1.469400,1.468900,0
20030203 025434000,1.469300,1.468800,0
20030203 025434000,1.469200,1.468700,0
20030203 025443000,1.469300,1.468800,0
20030203 025448000,1.469400,1.468900,0
20030203 025503000,1.469300,1.468800,0
20030203 025527000,1.469400,1.468900,0
20030203 025529000,1.469300,1.468800,0
20030203 025532000,1.469400,1.468900,0
20030203 025535000,1.469300,1.468800,0
20030203 025541000,1.469400,1.468900,0
20030203 025542000,1.469500,1.469000,0
20030203 025542000,1.469400,1.468900,0
20030203 025547000,1.469500,1.469000,0
20030203 025549000,1.469400,1.468900,0
20030203 025625000,1.469500,1.469000,0
20030203 025625000,1.469400,1.468900,0
20030203 025637000,1.469500,1.469000,0
20030203 025638000,1.469400,1.468900,0
20030203 025711000,1.469500,1.469000,0
20030203 025712000,1.469400,1.468900,0
20030203 025730000,1.469500,1.469000,0
20030203 025731000,1.469400,1.468900,0
20030203 025732000,1.469500,1.469000,0
20030203 025735000,1.469400,1.468900,0
20030203 025742000,1.469500,1.469000,0
20030203 025744000,1.469600,1.469100,0
20030203 025749000,1.469500,1.469000,0
20030203 025749000,1.469600,1.469100,0
20030203 025751000,1.469500,1.469000,0
20030203 025753000,1.469500,1.469000,0
20030203 025759000,1.469400,1.468900,0
20030203 025759000,1.469500,1.469000,0
20030203 025801000,1.469600,1.469100,0
20030203 025802000,1.469500,1.469000,0
20030203 025803000,1.469600,1.469100,0
20030203 025807000,1.469700,1.469200,0
20030203 025810000,1.469600,1.469100,0
20030203 025812000,1.469500,1.469000,0
20030203 025817000,1.469600,1.469100,0
20030203 025820000,1.469500,1.469000,0
20030203 025821000,1.469400,1.468900,0
20030203 025822000,1.469500,1.469000,0
20030203 025825000,1.469400,1.468900,0
20030203 025828000,1.469500,1.469000,0
20030203 025830000,1.469400,1.468900,0
20030203 025830000,1.469500,1.469000,0
20030203 025836000,1.469600,1.469100,0
20030203 025854000,1.469600,1.469100,0
20030203 025857000,1.469600,1.469100,0
20030203 025923000,1.469500,1.469000,0
20030203 025924000,1.469600,1.469100,0
20030203 025932000,1.469700,1.469200,0
20030203 025932000,1.469800,1.469300,0
20030203 025932000,1.469700,1.469200,0
20030203 025935000,1.469800,1.469300,0
20030203 025937000,1.469700,1.469200,0
20030203 025937000,1.469600,1.469100,0
20030203 025940000,1.469700,1.469200,0
20030203 025941000,1.469600,1.469100,0
20030203 025945000,1.469600,1.469100,0
20030203 025945000,1.469500,1.469000,0
20030203 025946000,1.469400,1.468900,0
20030203 025946000,1.469500,1.469000,0
20030203 025947000,1.469600,1.469100,0
20030203 025949000,1.469500,1.469000,0
20030203 025951000,1.469600,1.469100,0
20030203 025953000,1.469500,1.469000,0
20030203 025954000,1.469600,1.469100,0
20030203 025957000,1.469500,1.469000,0
20030203 030001000,1.469600,1.469100,0
20030203 030005000,1.469700,1.469200,0
20030203 030005000,1.469800,1.469300,0
20030203 030005000,1.469700,1.469200,0
20030203 030005000,1.469600,1.469100,0
20030203 030009000,1.469500,1.469000,0
20030203 030013000,1.469600,1.469100,0
20030203 030018000,1.469600,1.469100,0
20030203 030020000,1.469700,1.469200,0
20030203 030023000,1.469600,1.469100,0
20030203 030025000,1.469700,1.469200,0
20030203 030029000,1.469600,1.469100,0
20030203 030038000,1.469700,1.469200,0
20030203 030038000,1.469800,1.469300,0
20030203 030041000,1.469700,1.469200,0
20030203 030041000,1.469600,1.469100,0
20030203 030046000,1.469700,1.469200,0
20030203 030046000,1.469800,1.469300,0
20030203 030047000,1.469600,1.469100,0
20030203 030050000,1.469700,1.469200,0
20030203 030050000,1.469800,1.469300,0
20030203 030051000,1.469700,1.469200,0
20030203 030051000,1.469600,1.469100,0
20030203 030052000,1.469700,1.469200,0
20030203 030052000,1.469800,1.469300,0
20030203 030054000,1.469600,1.469100,0
20030203 030102000,1.469500,1.469000,0
20030203 030103000,1.469700,1.469200,0
20030203 030108000,1.469600,1.469100,0
20030203 030112000,1.469800,1.469300,0
20030203 030112000,1.469900,1.469400,0
20030203 030112000,1.469800,1.469300,0
20030203 030114000,1.469900,1.469400,0
20030203 030115000,1.469800,1.469300,0
20030203 030115000,1.469700,1.469200,0
20030203 030115000,1.469600,1.469100,0
20030203 030119000,1.469700,1.469200,0
20030203 030119000,1.469800,1.469300,0
20030203 030121000,1.469700,1.469200,0
20030203 030121000,1.469600,1.469100,0
20030203 030130000,1.469700,1.469200,0
20030203 030132000,1.469600,1.469100,0
20030203 030142000,1.469700,1.469200,0
20030203 030151000,1.469600,1.469100,0
20030203 030153000,1.469800,1.469300,0
20030203 030154000,1.469700,1.469200,0
20030203 030158000,1.469600,1.469100,0
20030203 030159000,1.469700,1.469200,0
20030203 030200000,1.469600,1.469100,0
20030203 030205000,1.469700,1.469200,0
20030203 030206000,1.469600,1.469100,0
20030203 030207000,1.469700,1.469200,0
20030203 030207000,1.469600,1.469100,0
20030203 030219000,1.469700,1.469200,0
20030203 030219000,1.469600,1.469100,0
20030203 030220000,1.469700,1.469200,0
20030203 030222000,1.469600,1.469100,0
20030203 030224000,1.469700,1.469200,0
20030203 030236000,1.469600,1.469100,0
20030203 030242000,1.469700,1.469200,0
20030203 030242000,1.469600,1.469100,0
20030203 030248000,1.469700,1.469200,0
20030203 030248000,1.469800,1.469300,0
20030203 030249000,1.469700,1.469200,0
20030203 030249000,1.469600,1.469100,0
20030203 030251000,1.469700,1.469200,0
20030203 030252000,1.469600,1.469100,0
20030203 030300000,1.469500,1.469000,0
20030203 030308000,1.469600,1.469100,0
20030203 030308000,1.469500,1.469000,0
20030203 030309000,1.469600,1.469100,0
20030203 030309000,1.469500,1.469000,0
20030203 030310000,1.469400,1.468900,0
20030203 030311000,1.469600,1.469100,0
20030203 030312000,1.469500,1.469000,0
20030203 030341000,1.469400,1.468900,0
20030203 030343000,1.469500,1.469000,0
20030203 030424000,1.469600,1.469100,0
20030203 030427000,1.469500,1.469000,0
20030203 030434000,1.469400,1.468900,0
20030203 030454000,1.469500,1.469000,0
20030203 030454000,1.469400,1.468900,0
20030203 030458000,1.469500,1.469000,0
20030203 030501000,1.469400,1.468900,0
20030203 030519000,1.469300,1.468800,0
20030203 030519000,1.469400,1.468900,0
20030203 030521000,1.469300,1.468800,0
20030203 030530000,1.469400,1.468900,0
20030203 030604000,1.469500,1.469000,0
20030203 030606000,1.469400,1.468900,0
20030203 030616000,1.469300,1.468800,0
20030203 030620000,1.469400,1.468900,0
20030203 030622000,1.469500,1.469000,0
20030203 030623000,1.469400,1.468900,0
20030203 030623000,1.469600,1.469100,0
20030203 030625000,1.469500,1.469000,0
20030203 030627000,1.469400,1.468900,0
20030203 030630000,1.469500,1.469000,0
20030203 030631000,1.469600,1.469100,0
20030203 030632000,1.469500,1.469000,0
20030203 030633000,1.469400,1.468900,0
20030203 030634000,1.469500,1.469000,0
20030203 030635000,1.469400,1.468900,0
20030203 030639000,1.469500,1.469000,0
20030203 030640000,1.469400,1.468900,0
20030203 030651000,1.469300,1.468800,0
20030203 030659000,1.469200,1.468700,0
20030203 030659000,1.469300,1.468800,0
20030203 030702000,1.469200,1.468700,0
20030203 030703000,1.469300,1.468800,0
20030203 030706000,1.469200,1.468700,0
20030203 030708000,1.469100,1.468600,0
20030203 030709000,1.469200,1.468700,0
20030203 030712000,1.469300,1.468800,0
20030203 030713000,1.469200,1.468700,0
20030203 030717000,1.469300,1.468800,0
20030203 030720000,1.469200,1.468700,0
20030203 030720000,1.469300,1.468800,0
20030203 030721000,1.469200,1.468700,0
20030203 030724000,1.469300,1.468800,0
20030203 030732000,1.469400,1.468900,0
20030203 030734000,1.469300,1.468800,0
20030203 030749000,1.469400,1.468900,0
20030203 030753000,1.469300,1.468800,0
20030203 030754000,1.469400,1.468900,0
20030203 030755000,1.469300,1.468800,0
20030203 030755000,1.469400,1.468900,0
20030203 030806000,1.469300,1.468800,0
20030203 030808000,1.469400,1.468900,0
20030203 030810000,1.469500,1.469000,0
20030203 030818000,1.469600,1.469100,0
20030203 030821000,1.469500,1.469000,0
20030203 030822000,1.469400,1.468900,0
20030203 030826000,1.469500,1.469000,0
20030203 030826000,1.469600,1.469100,0
20030203 030832000,1.469500,1.469000,0
20030203 030834000,1.469400,1.468900,0
20030203 030838000,1.469500,1.469000,0
20030203 030853000,1.469600,1.469100,0
20030203 030908000,1.469500,1.469000,0
20030203 030919000,1.469600,1.469100,0
20030203 030920000,1.469500,1.469000,0
20030203 030922000,1.469600,1.469100,0
20030203 030923000,1.469500,1.469000,0
20030203 030929000,1.469400,1.468900,0
20030203 030930000,1.469500,1.469000,0
20030203 030947000,1.469600,1.469100,0
20030203 030951000,1.469500,1.469000,0
20030203 030954000,1.469600,1.469100,0
20030203 030955000,1.469500,1.469000,0
20030203 031000000,1.469600,1.469100,0
20030203 031000000,1.469500,1.469000,0
20030203 031026000,1.469400,1.468900,0
20030203 031026000,1.469500,1.469000,0
20030203 031036000,1.469400,1.468900,0
20030203 031040000,1.469500,1.469000,0
20030203 031046000,1.469600,1.469100,0
20030203 031047000,1.469500,1.469000,0
20030203 031048000,1.469600,1.469100,0
20030203 031103000,1.469500,1.469000,0
20030203 031104000,1.469600,1.469100,0
20030203 031106000,1.469500,1.469000,0
20030203 031106000,1.469400,1.468900,0
20030203 031108000,1.469500,1.469000,0
20030203 031111000,1.469600,1.469100,0
20030203 031113000,1.469500,1.469000,0
20030203 031131000,1.469400,1.468900,0
20030203 031140000,1.469300,1.468800,0
20030203 031140000,1.469400,1.468900,0
20030203 031143000,1.469300,1.468800,0
20030203 031144000,1.469400,1.468900,0
20030203 031146000,1.469300,1.468800,0
20030203 031147000,1.469400,1.468900,0
20030203 031148000,1.469300,1.468800,0
20030203 031156000,1.469400,1.468900,0
20030203 031157000,1.469300,1.468800,0
20030203 031158000,1.469200,1.468700,0
20030203 031158000,1.469100,1.468600,0
20030203 031159000,1.469200,1.468700,0
20030203 031159000,1.469400,1.468900,0
20030203 031204000,1.469500,1.469000,0
20030203 031206000,1.469400,1.468900,0
20030203 031207000,1.469300,1.468800,0
20030203 031210000,1.469400,1.468900,0
20030203 031214000,1.469300,1.468800,0
20030203 031215000,1.469400,1.468900,0
20030203 031215000,1.469300,1.468800,0
20030203 031218000,1.469400,1.468900,0
20030203 031219000,1.469300,1.468800,0
20030203 031229000,1.469400,1.468900,0
20030203 031251000,1.469300,1.468800,0
20030203 031253000,1.469400,1.468900,0
20030203 031254000,1.469300,1.468800,0
20030203 031300000,1.469200,1.468700,0
20030203 031302000,1.469300,1.468800,0
20030203 031306000,1.469400,1.468900,0
20030203 031307000,1.469300,1.468800,0
20030203 031308000,1.469400,1.468900,0
20030203 031310000,1.469300,1.468800,0
20030203 031311000,1.469400,1.468900,0
20030203 031330000,1.469300,1.468800,0
20030203 031331000,1.469400,1.468900,0
20030203 031331000,1.469300,1.468800,0
20030203 031335000,1.469400,1.468900,0
20030203 031336000,1.469300,1.468800,0
20030203 031337000,1.469400,1.468900,0
20030203 031338000,1.469300,1.468800,0
20030203 031339000,1.469200,1.468700,0
20030203 031342000,1.469300,1.468800,0
20030203 031342000,1.469200,1.468700,0
20030203 031345000,1.469300,1.468800,0
20030203 031356000,1.469200,1.468700,0
20030203 031357000,1.469300,1.468800,0
20030203 031406000,1.469400,1.468900,0
20030203 031420000,1.469300,1.468800,0
20030203 031425000,1.469400,1.468900,0
20030203 031426000,1.469300,1.468800,0
20030203 031441000,1.469400,1.468900,0
20030203 031443000,1.469300,1.468800,0
20030203 031444000,1.469400,1.468900,0
20030203 031445000,1.469300,1.468800,0
20030203 031447000,1.469400,1.468900,0
20030203 031448000,1.469500,1.469000,0
20030203 031449000,1.469400,1.468900,0
20030203 031455000,1.469500,1.469000,0
20030203 031457000,1.469600,1.469100,0
20030203 031458000,1.469500,1.469000,0
20030203 031500000,1.469400,1.468900,0
20030203 031501000,1.469500,1.469000,0
20030203 031502000,1.469400,1.468900,0
20030203 031505000,1.469300,1.468800,0
20030203 031510000,1.469400,1.468900,0
20030203 031510000,1.469500,1.469000,0
20030203 031511000,1.469400,1.468900,0
20030203 031511000,1.469300,1.468800,0
20030203 031525000,1.469400,1.468900,0
20030203 031538000,1.469300,1.468800,0
20030203 031544000,1.469400,1.468900,0
20030203 031547000,1.469300,1.468800,0
20030203 031554000,1.469400,1.468900,0
20030203 031604000,1.469300,1.468800,0
20030203 031614000,1.469400,1.468900,0
20030203 031615000,1.469300,1.468800,0
20030203 031617000,1.469400,1.468900,0
20030203 031620000,1.469300,1.468800,0
20030203 031622000,1.469200,1.468700,0
20030203 031625000,1.469300,1.468800,0
20030203 031626000,1.469400,1.468900,0
20030203 031626000,1.469300,1.468800,0
20030203 031626000,1.469200,1.468700,0
20030203 031635000,1.469300,1.468800,0
20030203 031646000,1.469200,1.468700,0
20030203 031649000,1.469300,1.468800,0
20030203 031701000,1.469400,1.468900,0
20030203 031701000,1.469500,1.469000,0
20030203 031701000,1.469400,1.468900,0
20030203 031702000,1.469300,1.468800,0
20030203 031703000,1.469200,1.468700,0
20030203 031731000,1.469300,1.468800,0
20030203 031743000,1.469400,1.468900,0
20030203 031745000,1.469300,1.468800,0
20030203 031748000,1.469400,1.468900,0
20030203 031748000,1.469300,1.468800,0
20030203 031809000,1.469400,1.468900,0
20030203 031810000,1.469300,1.468800,0
20030203 031811000,1.469400,1.468900,0
20030203 031834000,1.469500,1.469000,0
20030203 031834000,1.469400,1.468900,0
20030203 031838000,1.469300,1.468800,0
20030203 031839000,1.469400,1.468900,0
20030203 031858000,1.469300,1.468800,0
20030203 031900000,1.469200,1.468700,0
20030203 031900000,1.469300,1.468800,0
20030203 031905000,1.469400,1.468900,0
20030203 031927000,1.469500,1.469000,0
20030203 031942000,1.469400,1.468900,0
20030203 031943000,1.469500,1.469000,0
20030203 032008000,1.469400,1.468900,0
20030203 032009000,1.469300,1.468800,0
20030203 032010000,1.469400,1.468900,0
20030203 032119000,1.469300,1.468800,0
20030203 032122000,1.469400,1.468900,0
20030203 032123000,1.469300,1.468800,0
20030203 032125000,1.469400,1.468900,0
20030203 032125000,1.469500,1.469000,0
20030203 032130000,1.469400,1.468900,0
20030203 032145000,1.469500,1.469000,0
20030203 032147000,1.469400,1.468900,0
20030203 032159000,1.469500,1.469000,0
20030203 032217000,1.469400,1.468900,0
20030203 032217000,1.469500,1.469000,0
20030203 032220000,1.469400,1.468900,0
20030203 032223000,1.469500,1.469000,0
20030203 032228000,1.469600,1.469100,0
20030203 032231000,1.469500,1.469000,0
20030203 032233000,1.469600,1.469100,0
20030203 032234000,1.469500,1.469000,0
20030203 032238000,1.469600,1.469100,0
20030203 032240000,1.469500,1.469000,0
20030203 032244000,1.469600,1.469100,0
20030203 032246000,1.469500,1.469000,0
20030203 032249000,1.469400,1.468900,0
20030203 032249000,1.469500,1.469000,0
20030203 032254000,1.469600,1.469100,0
20030203 032307000,1.469500,1.469000,0
20030203 032315000,1.469400,1.468900,0
20030203 032317000,1.469500,1.469000,0
20030203 032319000,1.469400,1.468900,0
20030203 032320000,1.469500,1.469000,0
20030203 032320000,1.469400,1.468900,0
20030203 032321000,1.469500,1.469000,0
20030203 032323000,1.469600,1.469100,0
20030203 032332000,1.469500,1.469000,0
20030203 032333000,1.469600,1.469100,0
20030203 032338000,1.469500,1.469000,0
20030203 032341000,1.469400,1.468900,0
20030203 032342000,1.469300,1.468800,0
20030203 032344000,1.469400,1.468900,0
20030203 032348000,1.469500,1.469000,0
20030203 032348000,1.469400,1.468900,0
20030203 032349000,1.469500,1.469000,0
20030203 032350000,1.469400,1.468900,0
20030203 032352000,1.469300,1.468800,0
20030203 032355000,1.469300,1.468800,0
20030203 032356000,1.469400,1.468900,0
20030203 032402000,1.469300,1.468800,0
20030203 032408000,1.469300,1.468800,0
20030203 032408000,1.469400,1.468900,0
20030203 032413000,1.469500,1.469000,0
20030203 032413000,1.469300,1.468800,0
20030203 032415000,1.469400,1.468900,0
20030203 032418000,1.469300,1.468800,0
20030203 032425000,1.469300,1.468800,0
20030203 032429000,1.469400,1.468900,0
20030203 032430000,1.469300,1.468800,0
20030203 032431000,1.469400,1.468900,0
20030203 032433000,1.469500,1.469000,0
20030203 032436000,1.469400,1.468900,0
20030203 032441000,1.469300,1.468800,0
20030203 032445000,1.469400,1.468900,0
20030203 032448000,1.469300,1.468800,0
20030203 032449000,1.469400,1.468900,0
20030203 032449000,1.469300,1.468800,0
20030203 032450000,1.469400,1.468900,0
20030203 032451000,1.469300,1.468800,0
20030203 032453000,1.469200,1.468700,0
20030203 032457000,1.469200,1.468700,0
20030203 032457000,1.469300,1.468800,0
20030203 032457000,1.469200,1.468700,0
20030203 032458000,1.469300,1.468800,0
20030203 032504000,1.469400,1.468900,0
20030203 032507000,1.469300,1.468800,0
20030203 032513000,1.469400,1.468900,0
20030203 032514000,1.469300,1.468800,0
20030203 032532000,1.469400,1.468900,0
20030203 032534000,1.469300,1.468800,0
20030203 032537000,1.469400,1.468900,0
20030203 032539000,1.469500,1.469000,0
20030203 032540000,1.469400,1.468900,0
20030203 032543000,1.469300,1.468800,0
20030203 032543000,1.469100,1.468600,0
20030203 032549000,1.469200,1.468700,0
20030203 032549000,1.469400,1.468900,0
20030203 032551000,1.469300,1.468800,0
20030203 032553000,1.469200,1.468700,0
20030203 032600000,1.469100,1.468600,0
20030203 032603000,1.469200,1.468700,0
20030203 032609000,1.469100,1.468600,0
20030203 032617000,1.469200,1.468700,0
20030203 032618000,1.469100,1.468600,0
20030203 032643000,1.469000,1.468500,0
20030203 032651000,1.469100,1.468600,0
20030203 032711000,1.469200,1.468700,0
20030203 032712000,1.469100,1.468600,0
20030203 032716000,1.469000,1.468500,0
20030203 032717000,1.469100,1.468600,0
20030203 032718000,1.469000,1.468500,0
20030203 032720000,1.469100,1.468600,0
20030203 032730000,1.469200,1.468700,0
20030203 032732000,1.469100,1.468600,0
20030203 032741000,1.469000,1.468500,0
20030203 032741000,1.469100,1.468600,0
20030203 032742000,1.469000,1.468500,0
20030203 032745000,1.469100,1.468600,0
20030203 032759000,1.469200,1.468700,0
20030203 032800000,1.469100,1.468600,0
20030203 032803000,1.469200,1.468700,0
20030203 032803000,1.469100,1.468600,0
20030203 032837000,1.469200,1.468700,0
20030203 032840000,1.469100,1.468600,0
20030203 032916000,1.469200,1.468700,0
20030203 032916000,1.469100,1.468600,0
20030203 032931000,1.469200,1.468700,0
20030203 032956000,1.469300,1.468800,0
20030203 032959000,1.469200,1.468700,0
20030203 033011000,1.469100,1.468600,0
20030203 033037000,1.469200,1.468700,0
20030203 033037000,1.469100,1.468600,0
20030203 033054000,1.469200,1.468700,0
20030203 033057000,1.469100,1.468600,0
20030203 033105000,1.469000,1.468500,0
20030203 033106000,1.469100,1.468600,0
20030203 033137000,1.469200,1.468700,0
20030203 033201000,1.469300,1.468800,0
20030203 033212000,1.469400,1.468900,0
20030203 033213000,1.469300,1.468800,0
20030203 033221000,1.469200,1.468700,0
20030203 033227000,1.469100,1.468600,0
20030203 033230000,1.469200,1.468700,0
20030203 033235000,1.469100,1.468600,0
20030203 033244000,1.469200,1.468700,0
20030203 033247000,1.469100,1.468600,0
20030203 033256000,1.469200,1.468700,0
20030203 033258000,1.469100,1.468600,0
20030203 033314000,1.469200,1.468700,0
20030203 033316000,1.469100,1.468600,0
20030203 033325000,1.469200,1.468700,0
20030203 033532000,1.469300,1.468800,0
20030203 033534000,1.469200,1.468700,0
20030203 033534000,1.469300,1.468800,0
20030203 033537000,1.469200,1.468700,0
20030203 033545000,1.469300,1.468800,0
20030203 033545000,1.469200,1.468700,0
20030203 033548000,1.469300,1.468800,0
20030203 033549000,1.469200,1.468700,0
20030203 033551000,1.469300,1.468800,0
20030203 033551000,1.469200,1.468700,0
20030203 033553000,1.469300,1.468800,0
20030203 033556000,1.469200,1.468700,0
20030203 033814000,1.469300,1.468800,0
20030203 033819000,1.469200,1.468700,0
20030203 033935000,1.469300,1.468800,0
20030203 033940000,1.469200,1.468700,0
20030203 034134000,1.469300,1.468800,0
20030203 034140000,1.469200,1.468700,0
20030203 034140000,1.469300,1.468800,0
20030203 034145000,1.469200,1.468700,0
20030203 034157000,1.469300,1.468800,0
20030203 034158000,1.469200,1.468700,0
20030203 034158000,1.469300,1.468800,0
20030203 034201000,1.469200,1.468700,0
20030203 034209000,1.469300,1.468800,0
20030203 034209000,1.469200,1.468700,0
20030203 034232000,1.469300,1.468800,0
20030203 034245000,1.469200,1.468700,0
20030203 034326000,1.469300,1.468800,0
20030203 034329000,1.469100,1.468600,0
20030203 034338000,1.469200,1.468700,0
20030203 034339000,1.469200,1.468700,0
20030203 034339000,1.469100,1.468600,0
20030203 034349000,1.469200,1.468700,0
20030203 034350000,1.469100,1.468600,0
20030203 034352000,1.469200,1.468700,0
20030203 034403000,1.469100,1.468600,0
20030203 034413000,1.469200,1.468700,0
20030203 034418000,1.469300,1.468800,0
20030203 034421000,1.469100,1.468600,0
20030203 034427000,1.469200,1.468700,0
20030203 034427000,1.469100,1.468600,0
20030203 034431000,1.469200,1.468700,0
20030203 034433000,1.469100,1.468600,0
20030203 034435000,1.469200,1.468700,0
20030203 034439000,1.469100,1.468600,0
20030203 034442000,1.469200,1.468700,0
20030203 034450000,1.469100,1.468600,0
20030203 034501000,1.469200,1.468700,0
20030203 034504000,1.469100,1.468600,0
20030203 034547000,1.469200,1.468700,0
20030203 034602000,1.469100,1.468600,0
20030203 034605000,1.469200,1.468700,0
20030203 034608000,1.469300,1.468800,0
20030203 034609000,1.469200,1.468700,0
20030203 034611000,1.469300,1.468800,0
20030203 034614000,1.469200,1.468700,0
20030203 034824000,1.469300,1.468800,0
20030203 034827000,1.469200,1.468700,0
20030203 034836000,1.469300,1.468800,0
20030203 034845000,1.469200,1.468700,0
20030203 034845000,1.469300,1.468800,0
20030203 034850000,1.469200,1.468700,0
20030203 034850000,1.469300,1.468800,0
20030203 034859000,1.469200,1.468700,0
20030203 034910000,1.469300,1.468800,0
20030203 034911000,1.469200,1.468700,0
20030203 034919000,1.469300,1.468800,0
20030203 034922000,1.469200,1.468700,0
20030203 034923000,1.469300,1.468800,0
20030203 034925000,1.469200,1.468700,0
20030203 034937000,1.469300,1.468800,0
20030203 034940000,1.469200,1.468700,0
20030203 034941000,1.469300,1.468800,0
20030203 034950000,1.469200,1.468700,0
20030203 034956000,1.469300,1.468800,0
20030203 035006000,1.469200,1.468700,0
20030203 035015000,1.469300,1.468800,0
20030203 035015000,1.469200,1.468700,0
20030203 035017000,1.469400,1.468900,0
20030203 035018000,1.469300,1.468800,0
20030203 035028000,1.469400,1.468900,0
20030203 035031000,1.469300,1.468800,0
20030203 035034000,1.469400,1.468900,0
20030203 035040000,1.469300,1.468800,0
20030203 035046000,1.469400,1.468900,0
20030203 035054000,1.469300,1.468800,0
20030203 035057000,1.469400,1.468900,0
20030203 035101000,1.469300,1.468800,0
20030203 035128000,1.469400,1.468900,0
20030203 035143000,1.469300,1.468800,0
20030203 035143000,1.469400,1.468900,0
20030203 035159000,1.469300,1.468800,0
20030203 035248000,1.469400,1.468900,0
20030203 035350000,1.469300,1.468800,0
20030203 035359000,1.469400,1.468900,0
20030203 035413000,1.469300,1.468800,0
20030203 035423000,1.469400,1.468900,0
20030203 035424000,1.469300,1.468800,0
20030203 035429000,1.469400,1.468900,0
20030203 035431000,1.469300,1.468800,0
20030203 035440000,1.469400,1.468900,0
20030203 035443000,1.469300,1.468800,0
20030203 035444000,1.469400,1.468900,0
20030203 035449000,1.469300,1.468800,0
20030203 035459000,1.469200,1.468700,0
20030203 035503000,1.469300,1.468800,0
20030203 035526000,1.469200,1.468700,0
20030203 035527000,1.469300,1.468800,0
20030203 035530000,1.469200,1.468700,0
20030203 035531000,1.469300,1.468800,0
20030203 035544000,1.469400,1.468900,0
20030203 035555000,1.469500,1.469000,0
20030203 035558000,1.469400,1.468900,0
20030203 035607000,1.469300,1.468800,0
20030203 035608000,1.469200,1.468700,0
20030203 035614000,1.469300,1.468800,0
20030203 035620000,1.469200,1.468700,0
20030203 035620000,1.469300,1.468800,0
20030203 035625000,1.469200,1.468700,0
20030203 035641000,1.469300,1.468800,0
20030203 035642000,1.469200,1.468700,0
20030203 035714000,1.469300,1.468800,0
20030203 035720000,1.469200,1.468700,0
20030203 035728000,1.469300,1.468800,0
20030203 035729000,1.469200,1.468700,0
20030203 035906000,1.469100,1.468600,0
20030203 035909000,1.469200,1.468700,0
20030203 035925000,1.469100,1.468600,0
20030203 035927000,1.469200,1.468700,0
20030203 035948000,1.469100,1.468600,0
20030203 035949000,1.469200,1.468700,0
20030203 035953000,1.469300,1.468800,0
20030203 035954000,1.469200,1.468700,0
20030203 035958000,1.469300,1.468800,0
20030203 040013000,1.469200,1.468700,0
20030203 040018000,1.469300,1.468800,0
20030203 040019000,1.469400,1.468900,0
20030203 040027000,1.469500,1.469000,0
20030203 040028000,1.469400,1.468900,0
20030203 040029000,1.469300,1.468800,0
20030203 040032000,1.469400,1.468900,0
20030203 040041000,1.469300,1.468800,0
20030203 040047000,1.469400,1.468900,0
20030203 040104000,1.469500,1.469000,0
20030203 040105000,1.469600,1.469100,0
20030203 040119000,1.469500,1.469000,0
20030203 040122000,1.469600,1.469100,0
20030203 040132000,1.469500,1.469000,0
20030203 040133000,1.469600,1.469100,0
20030203 040136000,1.469500,1.469000,0
20030203 040138000,1.469600,1.469100,0
20030203 040139000,1.469500,1.469000,0
20030203 040140000,1.469600,1.469100,0
20030203 040208000,1.469700,1.469200,0
20030203 040210000,1.469600,1.469100,0
20030203 040212000,1.469700,1.469200,0
20030203 040214000,1.469800,1.469300,0
20030203 040226000,1.469700,1.469200,0
20030203 040227000,1.469800,1.469300,0
20030203 040249000,1.469700,1.469200,0
20030203 040255000,1.469600,1.469100,0
20030203 040320000,1.469500,1.469000,0
20030203 040323000,1.469600,1.469100,0
20030203 040327000,1.469500,1.469000,0
20030203 040329000,1.469600,1.469100,0
20030203 040335000,1.469500,1.469000,0
20030203 040336000,1.469600,1.469100,0
20030203 040336000,1.469500,1.469000,0
20030203 040341000,1.469600,1.469100,0
20030203 040344000,1.469500,1.469000,0
20030203 040344000,1.469600,1.469100,0
20030203 040356000,1.469500,1.469000,0
20030203 040421000,1.469400,1.468900,0
20030203 040438000,1.469500,1.469000,0
20030203 040441000,1.469400,1.468900,0
20030203 040502000,1.469500,1.469000,0
20030203 040506000,1.469400,1.468900,0
20030203 040507000,1.469500,1.469000,0
20030203 040510000,1.469400,1.468900,0
20030203 040528000,1.469500,1.469000,0
20030203 040529000,1.469400,1.468900,0
20030203 040534000,1.469500,1.469000,0
20030203 040551000,1.469400,1.468900,0
20030203 040700000,1.469500,1.469000,0
20030203 040707000,1.469400,1.468900,0
20030203 040726000,1.469500,1.469000,0
20030203 040732000,1.469400,1.468900,0
20030203 040802000,1.469500,1.469000,0
20030203 040820000,1.469400,1.468900,0
20030203 040839000,1.469500,1.469000,0
20030203 040840000,1.469400,1.468900,0
20030203 040840000,1.469500,1.469000,0
20030203 040914000,1.469400,1.468900,0
20030203 040919000,1.469500,1.469000,0
20030203 040919000,1.469400,1.468900,0
20030203 040934000,1.469500,1.469000,0
20030203 040937000,1.469400,1.468900,0
20030203 040937000,1.469500,1.469000,0
20030203 040942000,1.469400,1.468900,0
20030203 040942000,1.469300,1.468800,0
20030203 040948000,1.469200,1.468700,0
20030203 040951000,1.469300,1.468800,0
20030203 040954000,1.469400,1.468900,0
20030203 040956000,1.469300,1.468800,0
20030203 040956000,1.469200,1.468700,0
20030203 040957000,1.469400,1.468900,0
20030203 040958000,1.469300,1.468800,0
20030203 041000000,1.469200,1.468700,0
20030203 041002000,1.469100,1.468600,0
20030203 041002000,1.469200,1.468700,0
20030203 041005000,1.469100,1.468600,0
20030203 041006000,1.469000,1.468500,0
20030203 041008000,1.469100,1.468600,0
20030203 041011000,1.469000,1.468500,0
20030203 041012000,1.469200,1.468700,0
20030203 041014000,1.469100,1.468600,0
20030203 041032000,1.469000,1.468500,0
20030203 041035000,1.469100,1.468600,0
20030203 041118000,1.469000,1.468500,0
20030203 041131000,1.469100,1.468600,0
20030203 041236000,1.469300,1.468800,0
20030203 041242000,1.469200,1.468700,0
20030203 041247000,1.469100,1.468600,0
20030203 041300000,1.469200,1.468700,0
20030203 041302000,1.469100,1.468600,0
20030203 041317000,1.469200,1.468700,0
20030203 041341000,1.469300,1.468800,0
20030203 041342000,1.469200,1.468700,0
20030203 041428000,1.469100,1.468600,0
20030203 041541000,1.469200,1.468700,0
20030203 041541000,1.469100,1.468600,0
20030203 041553000,1.469200,1.468700,0
20030203 041554000,1.469100,1.468600,0
20030203 041633000,1.469200,1.468700,0
20030203 041639000,1.469100,1.468600,0
20030203 041719000,1.469000,1.468500,0
20030203 041727000,1.469100,1.468600,0
20030203 041728000,1.469000,1.468500,0
20030203 041729000,1.468900,1.468400,0
20030203 041736000,1.469000,1.468500,0
20030203 041737000,1.468900,1.468400,0
20030203 041740000,1.469000,1.468500,0
20030203 041743000,1.469100,1.468600,0
20030203 041751000,1.469000,1.468500,0
20030203 041800000,1.469100,1.468600,0
20030203 041814000,1.469000,1.468500,0
20030203 041823000,1.469100,1.468600,0
20030203 041843000,1.469200,1.468700,0
20030203 041844000,1.469100,1.468600,0
20030203 041906000,1.469000,1.468500,0
20030203 041918000,1.469100,1.468600,0
20030203 041924000,1.469000,1.468500,0
20030203 041945000,1.468900,1.468400,0
20030203 041946000,1.469000,1.468500,0
20030203 041950000,1.468900,1.468400,0
20030203 041951000,1.469000,1.468500,0
20030203 042018000,1.469100,1.468600,0
20030203 042022000,1.469000,1.468500,0
20030203 042022000,1.469100,1.468600,0
20030203 042024000,1.469000,1.468500,0
20030203 042025000,1.469100,1.468600,0
20030203 042042000,1.469000,1.468500,0
20030203 042124000,1.469100,1.468600,0
20030203 042126000,1.469000,1.468500,0
20030203 042131000,1.469100,1.468600,0
20030203 042134000,1.469000,1.468500,0
20030203 042136000,1.469100,1.468600,0
20030203 042217000,1.469000,1.468500,0
20030203 042220000,1.469100,1.468600,0
20030203 042223000,1.469000,1.468500,0
20030203 042224000,1.469100,1.468600,0
20030203 042225000,1.469000,1.468500,0
20030203 042231000,1.469100,1.468600,0
20030203 042247000,1.469000,1.468500,0
20030203 042307000,1.469100,1.468600,0
20030203 042308000,1.469000,1.468500,0
20030203 042310000,1.469100,1.468600,0
20030203 042312000,1.469000,1.468500,0
20030203 042401000,1.468900,1.468400,0
20030203 042402000,1.469000,1.468500,0
20030203 042405000,1.469100,1.468600,0
20030203 042405000,1.469000,1.468500,0
20030203 042408000,1.469100,1.468600,0
20030203 042419000,1.469000,1.468500,0
20030203 042451000,1.469100,1.468600,0
20030203 042453000,1.469000,1.468500,0
20030203 042457000,1.469100,1.468600,0
20030203 042529000,1.469000,1.468500,0
20030203 042605000,1.468900,1.468400,0
20030203 042606000,1.469000,1.468500,0
20030203 042918000,1.468900,1.468400,0
20030203 042920000,1.469000,1.468500,0
20030203 042947000,1.468900,1.468400,0
20030203 042948000,1.469000,1.468500,0
20030203 042952000,1.469100,1.468600,0
20030203 042952000,1.469000,1.468500,0
20030203 043000000,1.469100,1.468600,0
20030203 043006000,1.469000,1.468500,0
20030203 043008000,1.469100,1.468600,0
20030203 043009000,1.469000,1.468500,0
20030203 043010000,1.469100,1.468600,0
20030203 043012000,1.469000,1.468500,0
20030203 043013000,1.469100,1.468600,0
20030203 043020000,1.469000,1.468500,0
20030203 043037000,1.469100,1.468600,0
20030203 043046000,1.469000,1.468500,0
20030203 043050000,1.469100,1.468600,0
20030203 043053000,1.469000,1.468500,0
20030203 043056000,1.469100,1.468600,0
20030203 043130000,1.469000,1.468500,0
20030203 043138000,1.469100,1.468600,0
20030203 043218000,1.469200,1.468700,0
20030203 043222000,1.469100,1.468600,0
20030203 043231000,1.469200,1.468700,0
20030203 043233000,1.469100,1.468600,0
20030203 043257000,1.469000,1.468500,0
20030203 043259000,1.469100,1.468600,0
20030203 043610000,1.469200,1.468700,0
20030203 043611000,1.469100,1.468600,0
20030203 043627000,1.469200,1.468700,0
20030203 043640000,1.469100,1.468600,0
20030203 043656000,1.469200,1.468700,0
20030203 043702000,1.469100,1.468600,0
20030203 043702000,1.469200,1.468700,0
20030203 043705000,1.469100,1.468600,0
20030203 043706000,1.469200,1.468700,0
20030203 043708000,1.469100,1.468600,0
20030203 043708000,1.469200,1.468700,0
20030203 043711000,1.469100,1.468600,0
20030203 043803000,1.469200,1.468700,0
20030203 043814000,1.469100,1.468600,0
20030203 043815000,1.469200,1.468700,0
20030203 043820000,1.469100,1.468600,0
20030203 043918000,1.469200,1.468700,0
20030203 044125000,1.469100,1.468600,0
20030203 044502000,1.469200,1.468700,0
20030203 044505000,1.469100,1.468600,0
20030203 044534000,1.469200,1.468700,0
20030203 044537000,1.469300,1.468800,0
20030203 044537000,1.469200,1.468700,0
20030203 044540000,1.469100,1.468600,0
20030203 044718000,1.469000,1.468500,0
20030203 044720000,1.469100,1.468600,0
20030203 045135000,1.469200,1.468700,0
20030203 045138000,1.469000,1.468500,0
20030203 045150000,1.469100,1.468600,0
20030203 045152000,1.469200,1.468700,0
20030203 045155000,1.469300,1.468800,0
20030203 045157000,1.469200,1.468700,0
20030203 045159000,1.469100,1.468600,0
20030203 045159000,1.469200,1.468700,0
20030203 045202000,1.469100,1.468600,0
20030203 045358000,1.469000,1.468500,0
20030203 045359000,1.469100,1.468600,0
20030203 045403000,1.469000,1.468500,0
20030203 045410000,1.468900,1.468400,0
20030203 045410000,1.469000,1.468500,0
20030203 045417000,1.468900,1.468400,0
20030203 045450000,1.468800,1.468300,0
20030203 045450000,1.468900,1.468400,0
20030203 045504000,1.468800,1.468300,0
20030203 045507000,1.468800,1.468300,0
20030203 045508000,1.468900,1.468400,0
20030203 045509000,1.468800,1.468300,0
20030203 045510000,1.468900,1.468400,0
20030203 045516000,1.468800,1.468300,0
20030203 045516000,1.468900,1.468400,0
20030203 045522000,1.469000,1.468500,0
20030203 045522000,1.468900,1.468400,0
20030203 045523000,1.469000,1.468500,0
20030203 045523000,1.468900,1.468400,0
20030203 045910000,1.468800,1.468300,0
20030203 045913000,1.468900,1.468400,0
20030203 045936000,1.468800,1.468300,0
20030203 045958000,1.468900,1.468400,0
20030203 050055000,1.469000,1.468500,0
20030203 050057000,1.469100,1.468600,0
20030203 050058000,1.469000,1.468500,0
20030203 050058000,1.469100,1.468600,0
20030203 050059000,1.469000,1.468500,0
20030203 050100000,1.468900,1.468400,0
20030203 050316000,1.469000,1.468500,0
20030203 050540000,1.469100,1.468600,0
20030203 050615000,1.469200,1.468700,0
20030203 050632000,1.469300,1.468800,0
20030203 050635000,1.469200,1.468700,0
20030203 050721000,1.469100,1.468600,0
20030203 050724000,1.469200,1.468700,0
20030203 050727000,1.469100,1.468600,0
20030203 050730000,1.469200,1.468700,0
20030203 050732000,1.469100,1.468600,0
20030203 050736000,1.469200,1.468700,0
20030203 050739000,1.469100,1.468600,0
20030203 050805000,1.469200,1.468700,0
20030203 050807000,1.469100,1.468600,0
20030203 050810000,1.469200,1.468700,0
20030203 050811000,1.469100,1.468600,0
20030203 050827000,1.469200,1.468700,0
20030203 050837000,1.469100,1.468600,0
20030203 050902000,1.469200,1.468700,0
20030203 050920000,1.469100,1.468600,0
20030203 050923000,1.469200,1.468700,0
20030203 050943000,1.469100,1.468600,0
20030203 050945000,1.469200,1.468700,0
20030203 051003000,1.469100,1.468600,0
20030203 051414000,1.469200,1.468700,0
20030203 051420000,1.469100,1.468600,0
20030203 051432000,1.469200,1.468700,0
20030203 051435000,1.469100,1.468600,0
20030203 051648000,1.469000,1.468500,0
20030203 051648000,1.469100,1.468600,0
20030203 051653000,1.469000,1.468500,0
20030203 051746000,1.469100,1.468600,0
20030203 051751000,1.469000,1.468500,0
20030203 051846000,1.469100,1.468600,0
20030203 051850000,1.469000,1.468500,0
20030203 051858000,1.469100,1.468600,0
20030203 051858000,1.469000,1.468500,0
20030203 052119000,1.468900,1.468400,0
20030203 052151000,1.469000,1.468500,0
20030203 052227000,1.469100,1.468600,0
20030203 052228000,1.469000,1.468500,0
20030203 052228000,1.469100,1.468600,0
20030203 052229000,1.469200,1.468700,0
20030203 052232000,1.469100,1.468600,0
20030203 052243000,1.469200,1.468700,0
20030203 052244000,1.469300,1.468800,0
20030203 052249000,1.469100,1.468600,0
20030203 052321000,1.469000,1.468500,0
20030203 052321000,1.469100,1.468600,0
20030203 052404000,1.469200,1.468700,0
20030203 052405000,1.469100,1.468600,0
20030203 052425000,1.469200,1.468700,0
20030203 052431000,1.469100,1.468600,0
20030203 052546000,1.469200,1.468700,0
20030203 052600000,1.469100,1.468600,0
20030203 052606000,1.469200,1.468700,0
20030203 052606000,1.469300,1.468800,0
20030203 052607000,1.469200,1.468700,0
20030203 052609000,1.469100,1.468600,0
20030203 052612000,1.469200,1.468700,0
20030203 052617000,1.469100,1.468600,0
20030203 052619000,1.469200,1.468700,0
20030203 052620000,1.469100,1.468600,0
20030203 052621000,1.469000,1.468500,0
20030203 052622000,1.469100,1.468600,0
20030203 052643000,1.469000,1.468500,0
20030203 052646000,1.469100,1.468600,0
20030203 052747000,1.469200,1.468700,0
20030203 052750000,1.469100,1.468600,0
20030203 052802000,1.469000,1.468500,0
20030203 052802000,1.469100,1.468600,0
20030203 052802000,1.469000,1.468500,0
20030203 052804000,1.469100,1.468600,0
20030203 052822000,1.469000,1.468500,0
20030203 052831000,1.469100,1.468600,0
20030203 052840000,1.469000,1.468500,0
20030203 052842000,1.468900,1.468400,0
20030203 052845000,1.469000,1.468500,0
20030203 052851000,1.469100,1.468600,0
20030203 052913000,1.469000,1.468500,0
20030203 052914000,1.469100,1.468600,0
20030203 052922000,1.469000,1.468500,0
20030203 052923000,1.469100,1.468600,0
20030203 052932000,1.469000,1.468500,0
20030203 052938000,1.469100,1.468600,0
20030203 052946000,1.469000,1.468500,0
20030203 053038000,1.469100,1.468600,0
20030203 053039000,1.469000,1.468500,0
20030203 053040000,1.469100,1.468600,0
20030203 053043000,1.468900,1.468400,0
20030203 053046000,1.469100,1.468600,0
20030203 053052000,1.469000,1.468500,0
20030203 053251000,1.469100,1.468600,0
20030203 053254000,1.469000,1.468500,0
20030203 053311000,1.469100,1.468600,0
20030203 053317000,1.469000,1.468500,0
20030203 053328000,1.469100,1.468600,0
20030203 053355000,1.469000,1.468500,0
20030203 053358000,1.469100,1.468600,0
20030203 053406000,1.469000,1.468500,0
20030203 053438000,1.469100,1.468600,0
20030203 053637000,1.469000,1.468500,0
20030203 053642000,1.468900,1.468400,0
20030203 053648000,1.468900,1.468400,0
20030203 053648000,1.469000,1.468500,0
20030203 053704000,1.469100,1.468600,0
20030203 053849000,1.469200,1.468700,0
20030203 053852000,1.469100,1.468600,0
20030203 053948000,1.469200,1.468700,0
20030203 053950000,1.469100,1.468600,0
20030203 054000000,1.469200,1.468700,0
20030203 054004000,1.469300,1.468800,0
20030203 054005000,1.469200,1.468700,0
20030203 054006000,1.469100,1.468600,0
20030203 054114000,1.469000,1.468500,0
20030203 054114000,1.469100,1.468600,0
20030203 054215000,1.469200,1.468700,0
20030203 054218000,1.469100,1.468600,0
20030203 054219000,1.469200,1.468700,0
20030203 054221000,1.469100,1.468600,0
20030203 054221000,1.469200,1.468700,0
20030203 054224000,1.469100,1.468600,0
20030203 054238000,1.469200,1.468700,0
20030203 054241000,1.469100,1.468600,0
20030203 054258000,1.469200,1.468700,0
20030203 054259000,1.469100,1.468600,0
20030203 054301000,1.469200,1.468700,0
20030203 054303000,1.469300,1.468800,0
20030203 054303000,1.469200,1.468700,0
20030203 054304000,1.469100,1.468600,0
20030203 054307000,1.469200,1.468700,0
20030203 054308000,1.469100,1.468600,0
20030203 054310000,1.469200,1.468700,0
20030203 054310000,1.469100,1.468600,0
20030203 054312000,1.469200,1.468700,0
20030203 054314000,1.469300,1.468800,0
20030203 054315000,1.469200,1.468700,0
20030203 054315000,1.469100,1.468600,0
20030203 054322000,1.469200,1.468700,0
20030203 054330000,1.469100,1.468600,0
20030203 054333000,1.469200,1.468700,0
20030203 054335000,1.469300,1.468800,0
20030203 054336000,1.469200,1.468700,0
20030203 054336000,1.469100,1.468600,0
20030203 054337000,1.469200,1.468700,0
20030203 054339000,1.469100,1.468600,0
20030203 054340000,1.469200,1.468700,0
20030203 054346000,1.469100,1.468600,0
20030203 054346000,1.469200,1.468700,0
20030203 054348000,1.469100,1.468600,0
20030203 054408000,1.469200,1.468700,0
20030203 054410000,1.469300,1.468800,0
20030203 054410000,1.469200,1.468700,0
20030203 054412000,1.469100,1.468600,0
20030203 054412000,1.469200,1.468700,0
20030203 054414000,1.469100,1.468600,0
20030203 054433000,1.469200,1.468700,0
20030203 054443000,1.469300,1.468800,0
20030203 054446000,1.469200,1.468700,0
20030203 054457000,1.469300,1.468800,0
20030203 054500000,1.469200,1.468700,0
20030203 054518000,1.469300,1.468800,0
20030203 054518000,1.469200,1.468700,0
20030203 054554000,1.469300,1.468800,0
20030203 054555000,1.469200,1.468700,0
20030203 054635000,1.469100,1.468600,0
20030203 054658000,1.469000,1.468500,0
20030203 054659000,1.469100,1.468600,0
20030203 054714000,1.469200,1.468700,0
20030203 054715000,1.469100,1.468600,0
20030203 054716000,1.469000,1.468500,0
20030203 054718000,1.469100,1.468600,0
20030203 054802000,1.469200,1.468700,0
20030203 054813000,1.469100,1.468600,0
20030203 054845000,1.469200,1.468700,0
20030203 054846000,1.469100,1.468600,0
20030203 054946000,1.469000,1.468500,0
20030203 054947000,1.469100,1.468600,0
20030203 054952000,1.469200,1.468700,0
20030203 054954000,1.469100,1.468600,0
20030203 054955000,1.469200,1.468700,0
20030203 054957000,1.469100,1.468600,0
20030203 055007000,1.469200,1.468700,0
20030203 055018000,1.469100,1.468600,0
20030203 055021000,1.469200,1.468700,0
20030203 055041000,1.469000,1.468500,0
20030203 055044000,1.469100,1.468600,0
20030203 055104000,1.469200,1.468700,0
20030203 055121000,1.469300,1.468800,0
20030203 055124000,1.469200,1.468700,0
20030203 055125000,1.469300,1.468800,0
20030203 055138000,1.469200,1.468700,0
20030203 055143000,1.469300,1.468800,0
20030203 055145000,1.469200,1.468700,0
20030203 055147000,1.469300,1.468800,0
20030203 055150000,1.469200,1.468700,0
20030203 055242000,1.469300,1.468800,0
20030203 055254000,1.469200,1.468700,0
20030203 055315000,1.469300,1.468800,0
20030203 055329000,1.469200,1.468700,0
20030203 055409000,1.469100,1.468600,0
20030203 055412000,1.469200,1.468700,0
20030203 055439000,1.469300,1.468800,0
20030203 055502000,1.469400,1.468900,0
20030203 055504000,1.469300,1.468800,0
20030203 055521000,1.469400,1.468900,0
20030203 055521000,1.469500,1.469000,0
20030203 055521000,1.469400,1.468900,0
20030203 055526000,1.469300,1.468800,0
20030203 055540000,1.469400,1.468900,0
20030203 055545000,1.469300,1.468800,0
20030203 055547000,1.469400,1.468900,0
20030203 055549000,1.469300,1.468800,0
20030203 055551000,1.469200,1.468700,0
20030203 055551000,1.469400,1.468900,0
20030203 055553000,1.469300,1.468800,0
20030203 055554000,1.469400,1.468900,0
20030203 055557000,1.469300,1.468800,0
20030203 055631000,1.469400,1.468900,0
20030203 055637000,1.469300,1.468800,0
20030203 055649000,1.469200,1.468700,0
20030203 055649000,1.469300,1.468800,0
20030203 055654000,1.469100,1.468600,0
20030203 055656000,1.469200,1.468700,0
20030203 055657000,1.469300,1.468800,0
20030203 055659000,1.469200,1.468700,0
20030203 055700000,1.469300,1.468800,0
20030203 055702000,1.469200,1.468700,0
20030203 055707000,1.469300,1.468800,0
20030203 055708000,1.469200,1.468700,0
20030203 055726000,1.469300,1.468800,0
20030203 055731000,1.469200,1.468700,0
20030203 055744000,1.469300,1.468800,0
20030203 055746000,1.469200,1.468700,0
20030203 055746000,1.469300,1.468800,0
20030203 055752000,1.469200,1.468700,0
20030203 055755000,1.469300,1.468800,0
20030203 055758000,1.469200,1.468700,0
20030203 055800000,1.469300,1.468800,0
20030203 055833000,1.469400,1.468900,0
20030203 055835000,1.469300,1.468800,0
20030203 060020000,1.469200,1.468700,0
20030203 060042000,1.469300,1.468800,0
20030203 060045000,1.469200,1.468700,0
20030203 060117000,1.469300,1.468800,0
20030203 060123000,1.469200,1.468700,0
20030203 060128000,1.469300,1.468800,0
20030203 060135000,1.469200,1.468700,0
20030203 060137000,1.469300,1.468800,0
20030203 060138000,1.469200,1.468700,0
20030203 060151000,1.469300,1.468800,0
20030203 060152000,1.469200,1.468700,0
20030203 060155000,1.469100,1.468600,0
20030203 060156000,1.469200,1.468700,0
20030203 060158000,1.469100,1.468600,0
20030203 060201000,1.469200,1.468700,0
20030203 060203000,1.469300,1.468800,0
20030203 060206000,1.469200,1.468700,0
20030203 060207000,1.469300,1.468800,0
20030203 060231000,1.469200,1.468700,0
20030203 060231000,1.469300,1.468800,0
20030203 060235000,1.469300,1.468800,0
20030203 060253000,1.469400,1.468900,0
20030203 060256000,1.469300,1.468800,0
20030203 060257000,1.469400,1.468900,0
20030203 060257000,1.469300,1.468800,0
20030203 060313000,1.469200,1.468700,0
20030203 060316000,1.469300,1.468800,0
20030203 060317000,1.469400,1.468900,0
20030203 060317000,1.469300,1.468800,0
20030203 060319000,1.469400,1.468900,0
20030203 060320000,1.469300,1.468800,0
20030203 060325000,1.469400,1.468900,0
20030203 060326000,1.469300,1.468800,0
20030203 060331000,1.469200,1.468700,0
20030203 060344000,1.469100,1.468600,0
20030203 060747000,1.469200,1.468700,0
20030203 060754000,1.469100,1.468600,0
20030203 060817000,1.469200,1.468700,0
20030203 060828000,1.469100,1.468600,0
20030203 060828000,1.469200,1.468700,0
20030203 060831000,1.469100,1.468600,0
20030203 060833000,1.469200,1.468700,0
20030203 060837000,1.469100,1.468600,0
20030203 060840000,1.469200,1.468700,0
20030203 060840000,1.469100,1.468600,0
20030203 060852000,1.469200,1.468700,0
20030203 060854000,1.469100,1.468600,0
20030203 060940000,1.469200,1.468700,0
20030203 060943000,1.469100,1.468600,0
20030203 060951000,1.469200,1.468700,0
20030203 060952000,1.469100,1.468600,0
20030203 060953000,1.469200,1.468700,0
20030203 060957000,1.469300,1.468800,0
20030203 061008000,1.469200,1.468700,0
20030203 061206000,1.469100,1.468600,0
20030203 061209000,1.469200,1.468700,0
20030203 061230000,1.469300,1.468800,0
20030203 061230000,1.469400,1.468900,0
20030203 061258000,1.469300,1.468800,0
20030203 061341000,1.469200,1.468700,0
20030203 061344000,1.469300,1.468800,0
20030203 061346000,1.469200,1.468700,0
20030203 061347000,1.469100,1.468600,0
20030203 061355000,1.469200,1.468700,0
20030203 061359000,1.469100,1.468600,0
20030203 061403000,1.469200,1.468700,0
20030203 061509000,1.469300,1.468800,0
20030203 061512000,1.469400,1.468900,0
20030203 061517000,1.469300,1.468800,0
20030203 061520000,1.469400,1.468900,0
20030203 061521000,1.469300,1.468800,0
20030203 061524000,1.469400,1.468900,0
20030203 061528000,1.469300,1.468800,0
20030203 061530000,1.469400,1.468900,0
20030203 061530000,1.469300,1.468800,0
20030203 061531000,1.469200,1.468700,0
20030203 061533000,1.469300,1.468800,0
20030203 061533000,1.469400,1.468900,0
20030203 061540000,1.469300,1.468800,0
20030203 061543000,1.469400,1.468900,0
20030203 061547000,1.469300,1.468800,0
20030203 061557000,1.469200,1.468700,0
20030203 061557000,1.469300,1.468800,0
20030203 061559000,1.469200,1.468700,0
20030203 061600000,1.469300,1.468800,0
20030203 061602000,1.469200,1.468700,0
20030203 061607000,1.469300,1.468800,0
20030203 061618000,1.469200,1.468700,0
20030203 061628000,1.469300,1.468800,0
20030203 061632000,1.469200,1.468700,0
20030203 061722000,1.469300,1.468800,0
20030203 061730000,1.469200,1.468700,0
20030203 061800000,1.469100,1.468600,0
20030203 061803000,1.469200,1.468700,0
20030203 061854000,1.469100,1.468600,0
20030203 061900000,1.469200,1.468700,0
20030203 061902000,1.469100,1.468600,0
20030203 061906000,1.469200,1.468700,0
20030203 061907000,1.469100,1.468600,0
20030203 061914000,1.469000,1.468500,0
20030203 061914000,1.469100,1.468600,0
20030203 061918000,1.468900,1.468400,0
20030203 061921000,1.469000,1.468500,0
20030203 061924000,1.468900,1.468400,0
20030203 061935000,1.469000,1.468500,0
20030203 061938000,1.468900,1.468400,0
20030203 062005000,1.468800,1.468300,0
20030203 062014000,1.468900,1.468400,0
20030203 062035000,1.468800,1.468300,0
20030203 062039000,1.468900,1.468400,0
20030203 062046000,1.468800,1.468300,0
20030203 062052000,1.468900,1.468400,0
20030203 062053000,1.468800,1.468300,0
20030203 062101000,1.468900,1.468400,0
20030203 062129000,1.468800,1.468300,0
20030203 062134000,1.468900,1.468400,0
20030203 062140000,1.468800,1.468300,0
20030203 062208000,1.468700,1.468200,0
20030203 062222000,1.468600,1.468100,0
20030203 062229000,1.468700,1.468200,0
20030203 062231000,1.468600,1.468100,0
20030203 062315000,1.468700,1.468200,0
20030203 062327000,1.468600,1.468100,0
20030203 062420000,1.468700,1.468200,0
20030203 062426000,1.468600,1.468100,0
20030203 062426000,1.468700,1.468200,0
20030203 062427000,1.468600,1.468100,0
20030203 062427000,1.468700,1.468200,0
20030203 062428000,1.468600,1.468100,0
20030203 062428000,1.468700,1.468200,0
20030203 062429000,1.468600,1.468100,0
20030203 062536000,1.468700,1.468200,0
20030203 062545000,1.468600,1.468100,0
20030203 062723000,1.468700,1.468200,0
20030203 062735000,1.468800,1.468300,0
20030203 062742000,1.468700,1.468200,0
20030203 062742000,1.468800,1.468300,0
20030203 062748000,1.468900,1.468400,0
20030203 062751000,1.468800,1.468300,0
20030203 062816000,1.468900,1.468400,0
20030203 062819000,1.468800,1.468300,0
20030203 062852000,1.468700,1.468200,0
20030203 062903000,1.468800,1.468300,0
20030203 062905000,1.468700,1.468200,0
20030203 062918000,1.468800,1.468300,0
20030203 062926000,1.468900,1.468400,0
20030203 062926000,1.468800,1.468300,0
20030203 063028000,1.468900,1.468400,0
20030203 063310000,1.468800,1.468300,0
20030203 063314000,1.468900,1.468400,0
20030203 063425000,1.468800,1.468300,0
20030203 063512000,1.468700,1.468200,0
20030203 063525000,1.468800,1.468300,0
20030203 063539000,1.468700,1.468200,0
20030203 063830000,1.468800,1.468300,0
20030203 063838000,1.468900,1.468400,0
20030203 063843000,1.468800,1.468300,0
20030203 063849000,1.468700,1.468200,0
20030203 063856000,1.468800,1.468300,0
20030203 063858000,1.468700,1.468200,0
20030203 063939000,1.468800,1.468300,0
20030203 063940000,1.468700,1.468200,0
20030203 063945000,1.468800,1.468300,0
20030203 063951000,1.468700,1.468200,0
20030203 063951000,1.468800,1.468300,0
20030203 063953000,1.468700,1.468200,0
20030203 063955000,1.468800,1.468300,0
20030203 064005000,1.468700,1.468200,0
20030203 064006000,1.468800,1.468300,0
20030203 064023000,1.468900,1.468400,0
20030203 064028000,1.468800,1.468300,0
20030203 064433000,1.468900,1.468400,0
20030203 064441000,1.468800,1.468300,0
20030203 064538000,1.468900,1.468400,0
20030203 064544000,1.468800,1.468300,0
20030203 064814000,1.468900,1.468400,0
20030203 064838000,1.468800,1.468300,0
20030203 064939000,1.468900,1.468400,0
20030203 064945000,1.468800,1.468300,0
20030203 064948000,1.468900,1.468400,0
20030203 065344000,1.468800,1.468300,0
20030203 065355000,1.468900,1.468400,0
20030203 065403000,1.468800,1.468300,0
20030203 065424000,1.468900,1.468400,0
20030203 065654000,1.468800,1.468300,0
20030203 065657000,1.468900,1.468400,0
20030203 065941000,1.468800,1.468300,0
20030203 065958000,1.468900,1.468400,0
20030203 070009000,1.468800,1.468300,0
20030203 070010000,1.468900,1.468400,0
20030203 070014000,1.468800,1.468300,0
20030203 070028000,1.468900,1.468400,0
20030203 070033000,1.468800,1.468300,0
20030203 070054000,1.468900,1.468400,0
20030203 070054000,1.468800,1.468300,0
20030203 070112000,1.468900,1.468400,0
20030203 070114000,1.468800,1.468300,0
20030203 070120000,1.468900,1.468400,0
20030203 070154000,1.468800,1.468300,0
20030203 070206000,1.468900,1.468400,0
20030203 070207000,1.468800,1.468300,0
20030203 070210000,1.468900,1.468400,0
20030203 070212000,1.468800,1.468300,0
20030203 070215000,1.468900,1.468400,0
20030203 070216000,1.468800,1.468300,0
20030203 070226000,1.468900,1.468400,0
20030203 070228000,1.468800,1.468300,0
20030203 070231000,1.468900,1.468400,0
20030203 070233000,1.468800,1.468300,0
20030203 070234000,1.468900,1.468400,0
20030203 070235000,1.468800,1.468300,0
20030203 070237000,1.468900,1.468400,0
20030203 070238000,1.468800,1.468300,0
20030203 070241000,1.468700,1.468200,0
20030203 070242000,1.468800,1.468300,0
20030203 070243000,1.468700,1.468200,0
20030203 070243000,1.468800,1.468300,0
20030203 070256000,1.468900,1.468400,0
20030203 070330000,1.468800,1.468300,0
20030203 070358000,1.468900,1.468400,0
20030203 070404000,1.468800,1.468300,0
20030203 070442000,1.468900,1.468400,0
20030203 070442000,1.468800,1.468300,0
20030203 070448000,1.468900,1.468400,0
20030203 070450000,1.468800,1.468300,0
20030203 070452000,1.468900,1.468400,0
20030203 070500000,1.468800,1.468300,0
20030203 070501000,1.468900,1.468400,0
20030203 070501000,1.468800,1.468300,0
20030203 070508000,1.468900,1.468400,0
20030203 070508000,1.468800,1.468300,0
20030203 070514000,1.468900,1.468400,0
20030203 070515000,1.468800,1.468300,0
20030203 070621000,1.468900,1.468400,0
20030203 070622000,1.468800,1.468300,0
20030203 070627000,1.468900,1.468400,0
20030203 070628000,1.468800,1.468300,0
20030203 070630000,1.468900,1.468400,0
20030203 070635000,1.468800,1.468300,0
20030203 070814000,1.468900,1.468400,0
20030203 070845000,1.468800,1.468300,0
20030203 070846000,1.468900,1.468400,0
20030203 070848000,1.468800,1.468300,0
20030203 070859000,1.468900,1.468400,0
20030203 070859000,1.468800,1.468300,0
20030203 070903000,1.468900,1.468400,0
20030203 070904000,1.468800,1.468300,0
20030203 070942000,1.468900,1.468400,0
20030203 070945000,1.468800,1.468300,0
20030203 071006000,1.468900,1.468400,0
20030203 071007000,1.468800,1.468300,0
20030203 071042000,1.468900,1.468400,0
20030203 071055000,1.468900,1.468400,0
20030203 071115000,1.469000,1.468500,0
20030203 071116000,1.468900,1.468400,0
20030203 071704000,1.468800,1.468300,0
20030203 071706000,1.468900,1.468400,0
20030203 071707000,1.468800,1.468300,0
20030203 071712000,1.468900,1.468400,0
20030203 071714000,1.468800,1.468300,0
20030203 071718000,1.468900,1.468400,0
20030203 071728000,1.468800,1.468300,0
20030203 071731000,1.468900,1.468400,0
20030203 071801000,1.468900,1.468400,0
20030203 071954000,1.468800,1.468300,0
20030203 071956000,1.468900,1.468400,0
20030203 072053000,1.468800,1.468300,0
20030203 072058000,1.468900,1.468400,0
20030203 072105000,1.468900,1.468400,0
20030203 072121000,1.468800,1.468300,0
20030203 072121000,1.468900,1.468400,0
20030203 072135000,1.468800,1.468300,0
20030203 072151000,1.468900,1.468400,0
20030203 072201000,1.468800,1.468300,0
20030203 072202000,1.468900,1.468400,0
20030203 072257000,1.468800,1.468300,0
20030203 072300000,1.468900,1.468400,0
20030203 072305000,1.468800,1.468300,0
20030203 072326000,1.468900,1.468400,0
20030203 072348000,1.468800,1.468300,0
20030203 072349000,1.468900,1.468400,0
20030203 072354000,1.468800,1.468300,0
20030203 072400000,1.468900,1.468400,0
20030203 072434000,1.468800,1.468300,0
20030203 072435000,1.468900,1.468400,0
20030203 072436000,1.468800,1.468300,0
20030203 072437000,1.468900,1.468400,0
20030203 072614000,1.468800,1.468300,0
20030203 072622000,1.468900,1.468400,0
20030203 072703000,1.468800,1.468300,0
20030203 072704000,1.468900,1.468400,0
20030203 072713000,1.468800,1.468300,0
20030203 072714000,1.468700,1.468200,0
20030203 072720000,1.468600,1.468100,0
20030203 072720000,1.468700,1.468200,0
20030203 072728000,1.468900,1.468400,0
20030203 072730000,1.468800,1.468300,0
20030203 072731000,1.468900,1.468400,0
20030203 072954000,1.468800,1.468300,0
20030203 073034000,1.468900,1.468400,0
20030203 073034000,1.468800,1.468300,0
20030203 073055000,1.468700,1.468200,0
20030203 073109000,1.468800,1.468300,0
20030203 073112000,1.468700,1.468200,0
20030203 073122000,1.468800,1.468300,0
20030203 073123000,1.468700,1.468200,0
20030203 073218000,1.468800,1.468300,0
20030203 073219000,1.468700,1.468200,0
20030203 073221000,1.468800,1.468300,0
20030203 073223000,1.468700,1.468200,0
20030203 073225000,1.468800,1.468300,0
20030203 073233000,1.468700,1.468200,0
20030203 073250000,1.468800,1.468300,0
20030203 073306000,1.468700,1.468200,0
20030203 073309000,1.468800,1.468300,0
20030203 073310000,1.468700,1.468200,0
20030203 073314000,1.468800,1.468300,0
20030203 073323000,1.468700,1.468200,0
20030203 073324000,1.468800,1.468300,0
20030203 073355000,1.468700,1.468200,0
20030203 073358000,1.468800,1.468300,0
20030203 073414000,1.468700,1.468200,0
20030203 073444000,1.468800,1.468300,0
20030203 073506000,1.468700,1.468200,0
20030203 073507000,1.468800,1.468300,0
20030203 073509000,1.468700,1.468200,0
20030203 073516000,1.468600,1.468100,0
20030203 073520000,1.468700,1.468200,0
20030203 073522000,1.468600,1.468100,0
20030203 073654000,1.468500,1.468000,0
20030203 073655000,1.468600,1.468100,0
20030203 073659000,1.468500,1.468000,0
20030203 073700000,1.468600,1.468100,0
20030203 073701000,1.468500,1.468000,0
20030203 073704000,1.468600,1.468100,0
20030203 073710000,1.468500,1.468000,0
20030203 073718000,1.468600,1.468100,0
20030203 073721000,1.468500,1.468000,0
20030203 073723000,1.468600,1.468100,0
20030203 073724000,1.468500,1.468000,0
20030203 073726000,1.468600,1.468100,0
20030203 073729000,1.468500,1.468000,0
20030203 073740000,1.468600,1.468100,0
20030203 073754000,1.468500,1.468000,0
20030203 073754000,1.468600,1.468100,0
20030203 073756000,1.468500,1.468000,0
20030203 073758000,1.468500,1.468000,0
20030203 073801000,1.468600,1.468100,0
20030203 073803000,1.468500,1.468000,0
20030203 073806000,1.468600,1.468100,0
20030203 073807000,1.468500,1.468000,0
20030203 073810000,1.468600,1.468100,0
20030203 073810000,1.468500,1.468000,0
20030203 073814000,1.468400,1.467900,0
20030203 073820000,1.468500,1.468000,0
20030203 073821000,1.468400,1.467900,0
20030203 073823000,1.468500,1.468000,0
20030203 073830000,1.468400,1.467900,0
20030203 073842000,1.468500,1.468000,0
20030203 073845000,1.468400,1.467900,0
20030203 073854000,1.468300,1.467800,0
20030203 073856000,1.468400,1.467900,0
20030203 073857000,1.468300,1.467800,0
20030203 073917000,1.468500,1.468000,0
20030203 073922000,1.468400,1.467900,0
20030203 073928000,1.468300,1.467800,0
20030203 073928000,1.468400,1.467900,0
20030203 073929000,1.468300,1.467800,0
20030203 073930000,1.468400,1.467900,0
20030203 073938000,1.468500,1.468000,0
20030203 073941000,1.468400,1.467900,0
20030203 073945000,1.468500,1.468000,0
20030203 074002000,1.468400,1.467900,0
20030203 074008000,1.468500,1.468000,0
20030203 074021000,1.468400,1.467900,0
20030203 074024000,1.468500,1.468000,0
20030203 074029000,1.468400,1.467900,0
20030203 074031000,1.468500,1.468000,0
20030203 074032000,1.468400,1.467900,0
20030203 074041000,1.468500,1.468000,0
20030203 074046000,1.468400,1.467900,0
20030203 074047000,1.468500,1.468000,0
20030203 074053000,1.468400,1.467900,0
20030203 074056000,1.468500,1.468000,0
20030203 074101000,1.468400,1.467900,0
20030203 074111000,1.468300,1.467800,0
20030203 074112000,1.468400,1.467900,0
20030203 074121000,1.468500,1.468000,0
20030203 074123000,1.468400,1.467900,0
20030203 074150000,1.468500,1.468000,0
20030203 074153000,1.468400,1.467900,0
20030203 074213000,1.468500,1.468000,0
20030203 074214000,1.468400,1.467900,0
20030203 074244000,1.468500,1.468000,0
20030203 074333000,1.468600,1.468100,0
20030203 074336000,1.468500,1.468000,0
20030203 074341000,1.468600,1.468100,0
20030203 074344000,1.468500,1.468000,0
20030203 074408000,1.468400,1.467900,0
20030203 074409000,1.468500,1.468000,0
20030203 074411000,1.468400,1.467900,0
20030203 074411000,1.468500,1.468000,0
20030203 074419000,1.468400,1.467900,0
20030203 074434000,1.468500,1.468000,0
20030203 074436000,1.468400,1.467900,0
20030203 074622000,1.468500,1.468000,0
20030203 074632000,1.468400,1.467900,0
20030203 074634000,1.468500,1.468000,0
20030203 074704000,1.468600,1.468100,0
20030203 074707000,1.468500,1.468000,0
20030203 074754000,1.468600,1.468100,0
20030203 074808000,1.468500,1.468000,0
20030203 074808000,1.468600,1.468100,0
20030203 074824000,1.468500,1.468000,0
20030203 074828000,1.468600,1.468100,0
20030203 074904000,1.468700,1.468200,0
20030203 074907000,1.468600,1.468100,0
20030203 074908000,1.468700,1.468200,0
20030203 074910000,1.468600,1.468100,0
20030203 074917000,1.468700,1.468200,0
20030203 074926000,1.468600,1.468100,0
20030203 074930000,1.468700,1.468200,0
20030203 074950000,1.468800,1.468300,0
20030203 074955000,1.468700,1.468200,0
20030203 075042000,1.468800,1.468300,0
20030203 075043000,1.468700,1.468200,0
20030203 075045000,1.468800,1.468300,0
20030203 075049000,1.468700,1.468200,0
20030203 075052000,1.468800,1.468300,0
20030203 075054000,1.468700,1.468200,0
20030203 075055000,1.468800,1.468300,0
20030203 075113000,1.468700,1.468200,0
20030203 075113000,1.468800,1.468300,0
20030203 075115000,1.468700,1.468200,0
20030203 075117000,1.468800,1.468300,0
20030203 075118000,1.468700,1.468200,0
20030203 075119000,1.468800,1.468300,0
20030203 075122000,1.468900,1.468400,0
20030203 075123000,1.468800,1.468300,0
20030203 075143000,1.468700,1.468200,0
20030203 075145000,1.468800,1.468300,0
20030203 075148000,1.468700,1.468200,0
20030203 075150000,1.468800,1.468300,0
20030203 075204000,1.468700,1.468200,0
20030203 075246000,1.468600,1.468100,0
20030203 075327000,1.468700,1.468200,0
20030203 075329000,1.468600,1.468100,0
20030203 075420000,1.468500,1.468000,0
20030203 075422000,1.468600,1.468100,0
20030203 075459000,1.468700,1.468200,0
20030203 075503000,1.468600,1.468100,0
20030203 075734000,1.468700,1.468200,0
20030203 075749000,1.468600,1.468100,0
20030203 075750000,1.468700,1.468200,0
20030203 075751000,1.468600,1.468100,0
20030203 075756000,1.468700,1.468200,0
20030203 075759000,1.468600,1.468100,0
20030203 075912000,1.468500,1.468000,0
20030203 075914000,1.468600,1.468100,0
20030203 075916000,1.468500,1.468000,0
20030203 075922000,1.468600,1.468100,0
20030203 075952000,1.468700,1.468200,0
20030203 075954000,1.468600,1.468100,0
20030203 080207000,1.468700,1.468200,0
20030203 080236000,1.468600,1.468100,0
20030203 080237000,1.468700,1.468200,0
20030203 080438000,1.468600,1.468100,0
20030203 080527000,1.468700,1.468200,0
20030203 080531000,1.468800,1.468300,0
20030203 080539000,1.468700,1.468200,0
20030203 080553000,1.468800,1.468300,0
20030203 080556000,1.468700,1.468200,0
20030203 080650000,1.468800,1.468300,0
20030203 080656000,1.468700,1.468200,0
20030203 080821000,1.468800,1.468300,0
20030203 080834000,1.468700,1.468200,0
20030203 080845000,1.468800,1.468300,0
20030203 080853000,1.468700,1.468200,0
20030203 080935000,1.468800,1.468300,0
20030203 080945000,1.468700,1.468200,0
20030203 081149000,1.468600,1.468100,0
20030203 081204000,1.468700,1.468200,0
20030203 081207000,1.468600,1.468100,0
20030203 081249000,1.468700,1.468200,0
20030203 081250000,1.468600,1.468100,0
20030203 081253000,1.468700,1.468200,0
20030203 081334000,1.468600,1.468100,0
20030203 081336000,1.468700,1.468200,0
20030203 081349000,1.468700,1.468200,0
20030203 081353000,1.468600,1.468100,0
20030203 081355000,1.468700,1.468200,0
20030203 081358000,1.468600,1.468100,0
20030203 081400000,1.468700,1.468200,0
20030203 081406000,1.468600,1.468100,0
20030203 081423000,1.468700,1.468200,0
20030203 081425000,1.468600,1.468100,0
20030203 081433000,1.468700,1.468200,0
20030203 081624000,1.468800,1.468300,0
20030203 081625000,1.468700,1.468200,0
20030203 081631000,1.468800,1.468300,0
20030203 081642000,1.468700,1.468200,0
20030203 081712000,1.468600,1.468100,0
20030203 081715000,1.468700,1.468200,0
20030203 081723000,1.468600,1.468100,0
20030203 081725000,1.468700,1.468200,0
20030203 081727000,1.468600,1.468100,0
20030203 081754000,1.468700,1.468200,0
20030203 081803000,1.468600,1.468100,0
20030203 081819000,1.468700,1.468200,0
20030203 081845000,1.468800,1.468300,0
20030203 081846000,1.468700,1.468200,0
20030203 081940000,1.468600,1.468100,0
20030203 081943000,1.468700,1.468200,0
20030203 081957000,1.468600,1.468100,0
20030203 082006000,1.468600,1.468100,0
20030203 082008000,1.468500,1.468000,0
20030203 082009000,1.468600,1.468100,0
20030203 082010000,1.468700,1.468200,0
20030203 082012000,1.468600,1.468100,0
20030203 082016000,1.468700,1.468200,0
20030203 082017000,1.468600,1.468100,0
20030203 082025000,1.468700,1.468200,0
20030203 082025000,1.468600,1.468100,0
20030203 082044000,1.468500,1.468000,0
20030203 082045000,1.468600,1.468100,0
20030203 082103000,1.468500,1.468000,0
20030203 082104000,1.468600,1.468100,0
20030203 082117000,1.468700,1.468200,0
20030203 082133000,1.468600,1.468100,0
20030203 082135000,1.468700,1.468200,0
20030203 082207000,1.468700,1.468200,0
20030203 082208000,1.468800,1.468300,0
20030203 082208000,1.468700,1.468200,0
20030203 082221000,1.468800,1.468300,0
20030203 082226000,1.468700,1.468200,0
20030203 082231000,1.468800,1.468300,0
20030203 082237000,1.468700,1.468200,0
20030203 082238000,1.468800,1.468300,0
20030203 082240000,1.468700,1.468200,0
20030203 082250000,1.468800,1.468300,0
20030203 082254000,1.468700,1.468200,0
20030203 082258000,1.468800,1.468300,0
20030203 082259000,1.468700,1.468200,0
20030203 082300000,1.468800,1.468300,0
20030203 082302000,1.468700,1.468200,0
20030203 082304000,1.468800,1.468300,0
20030203 082305000,1.468700,1.468200,0
20030203 082306000,1.468800,1.468300,0
20030203 082310000,1.468700,1.468200,0
20030203 082320000,1.468800,1.468300,0
20030203 082321000,1.468700,1.468200,0
20030203 082341000,1.468800,1.468300,0
20030203 082347000,1.468700,1.468200,0
20030203 082558000,1.468600,1.468100,0
20030203 082628000,1.468700,1.468200,0
20030203 082635000,1.468600,1.468100,0
20030203 082639000,1.468700,1.468200,0
20030203 082640000,1.468600,1.468100,0
20030203 082658000,1.468500,1.468000,0
20030203 082701000,1.468600,1.468100,0
20030203 082702000,1.468500,1.468000,0
20030203 082707000,1.468600,1.468100,0
20030203 082709000,1.468400,1.467900,0
20030203 082719000,1.468500,1.468000,0
20030203 082719000,1.468600,1.468100,0
20030203 082747000,1.468500,1.468000,0
20030203 082800000,1.468600,1.468100,0
20030203 082802000,1.468500,1.468000,0
20030203 082804000,1.468600,1.468100,0
20030203 082806000,1.468500,1.468000,0
20030203 082807000,1.468600,1.468100,0
20030203 082808000,1.468500,1.468000,0
20030203 082808000,1.468600,1.468100,0
20030203 082811000,1.468500,1.468000,0
20030203 082845000,1.468600,1.468100,0
20030203 082846000,1.468500,1.468000,0
20030203 082854000,1.468600,1.468100,0
20030203 082855000,1.468500,1.468000,0
20030203 082855000,1.468600,1.468100,0
20030203 082925000,1.468500,1.468000,0
20030203 082927000,1.468600,1.468100,0
20030203 082936000,1.468700,1.468200,0
20030203 082937000,1.468600,1.468100,0
20030203 082946000,1.468700,1.468200,0
20030203 082947000,1.468600,1.468100,0
20030203 082949000,1.468700,1.468200,0
20030203 082950000,1.468600,1.468100,0
20030203 082950000,1.468700,1.468200,0
20030203 082953000,1.468600,1.468100,0
20030203 083002000,1.468600,1.468100,0
20030203 083002000,1.468500,1.468000,0
20030203 083005000,1.468400,1.467900,0
20030203 083014000,1.468600,1.468100,0
20030203 083015000,1.468500,1.468000,0
20030203 083018000,1.468600,1.468100,0
20030203 083020000,1.468500,1.468000,0
20030203 083022000,1.468400,1.467900,0
20030203 083023000,1.468500,1.468000,0
20030203 083023000,1.468400,1.467900,0
20030203 083024000,1.468600,1.468100,0
20030203 083026000,1.468400,1.467900,0
20030203 083027000,1.468400,1.467900,0
20030203 083029000,1.468500,1.468000,0
20030203 083029000,1.468400,1.467900,0
20030203 083030000,1.468500,1.468000,0
20030203 083034000,1.468600,1.468100,0
20030203 083034000,1.468500,1.468000,0
20030203 083044000,1.468300,1.467800,0
20030203 083045000,1.468400,1.467900,0
20030203 083049000,1.468300,1.467800,0
20030203 083058000,1.468300,1.467800,0
20030203 083058000,1.468200,1.467700,0
20030203 083059000,1.468300,1.467800,0
20030203 083103000,1.468400,1.467900,0
20030203 083104000,1.468300,1.467800,0
20030203 083104000,1.468400,1.467900,0
20030203 083106000,1.468300,1.467800,0
20030203 083107000,1.468400,1.467900,0
20030203 083108000,1.468300,1.467800,0
20030203 083112000,1.468300,1.467800,0
20030203 083123000,1.468400,1.467900,0
20030203 083124000,1.468300,1.467800,0
20030203 083128000,1.468200,1.467700,0
20030203 083135000,1.468300,1.467800,0
20030203 083138000,1.468400,1.467900,0
20030203 083150000,1.468300,1.467800,0
20030203 083151000,1.468200,1.467700,0
20030203 083151000,1.468300,1.467800,0
